2362 4936
278 586 383 669 nn*
429 580 840 693 mansorum.
998 626 1066 695 17-

99 786 287 875 perdono
321 786 497 873 enguttiis
523 786 665 855 assumit
695 794 830 872 eamque
860 789 1037 878 puerilem,

104 916 174 977 nori
205 905 326 973 riniem
357 914 435 972 csse
467 905 622 972 rationem
649 898 827 976 dictitant.'
866 909 1042 996 imperite,

107 1037 149 1088 ut
172 1019 288 1088 omnia.
343 1018 427 1085 Non
454 1010 643 1104 intelligunt
666 1019 747 1103 quid
771 1021 806 1089 in
829 1009 965 1092 docendi
986 1028 1039 1094 uia

113 1138 155 1205 sit
185 1135 306 1216 virile,
337 1136 421 1218 quid
453 1137 603 1219 pueriles
635 1153 668 1206 et
698 1136 862 1225 dialogum
878 1209 881 1213 ,
899 1141 1041 1212 confrin-

113 1258 191 1324 dtrnt
205 1273 276 1320 curn
298 1254 512 1323 crteehismu.
557 1252 657 1322 Nunc
682 1256 830 1326 uidemus
856 1258 942 1327 istos
964 1256 1042 1324 viri·

119 1369 163 1433 iss
184 1367 305 1433 scilicet
327 1366 548 1450 philosophus
577 1387 668 1436 suant
704 1371 892 1453 sapientiam
923 1362 1042 1439 libellis

121 1485 337 1567 conscribere,
359 1481 419 1550 ubi
449 1483 600 1570 magisoer
626 1485 785 1570 bremier,
807 1494 845 1554 ut
869 1488 1044 1573 ignorans,

128 1601 312 1684 interrogat,
343 1597 528 1684 discipulus
560 1601 657 1669 docte
684 1618 717 1671 et
748 1601 884 1687 copiose
899 1612 1046 1689 respon·

126 1721 185 1786 det.
232 1717 368 1803 Inepte,
397 1716 573 1802 proiecto,
603 1734 662 1786 nec
694 1724 826 1799 niturae
853 1720 1048 1789 'convenien-

128 1848 181 1902 ter.
221 1832 295 1902 lissi
319 1833 408 1899 forte
432 1832 566 1914 dicant,
590 1826 873 1918 interrogationem
900 1834 1046 1920 magistri

129 1951 172 2017 nii
192 1949 274 2016 aliud
295 1965 388 2031 esse,
412 1947 478 2014 nisi
500 1945 634 2013 titulum
661 1947 791 2030 capitis.
838 1945 929 2035 Quid
946 1946 1046 2031 igituir

128 2064 268 2131 rttinebtt
291 2064 357 2132 hoc
384 2062 552 2149 dialogum
578 2078 716 2145 vocare,
748 2063 837 2143 quod
859 2063 970 2146 potius
997 2063 1048 2128 in·

130 2182 351 2248 culcamentum
380 2181 563 2248 coeundum
586 2184 667 2246 erat.
729 2177 886 2244 Videmus
917 2176 1046 2247 eosdem

130 2297 225 2378 istos,
246 2314 345 2380 quum
364 2296 399 2362 in
419 2296 687 2379 reprehendendis
702 2293 960 2362 ‘contemtoribus
976 2294 1046 2360 suis

132 2409 220 2477 faceti
244 2429 275 2478 et
301 2412 411 2479 festivi
438 2430 511 2479 esse
534 2414 675 2490 ¹uolunt,
705 2409 869 2490 colloquia
891 2405 1049 2488 scribere,

129 2529 244 2596 inlicem
271 2530 400 2612 quidem
434 2530 493 2594 iiia
515 2542 548 2594 et
586 2525 734 2608 horrida,
766 2534 824 2590 nec
852 2521 936 2589 enim
961 2523 1052 2589 aliter

132 2662 283 2730 possuntt
305 2646 365 2713 scd
390 2643 658 2726 colloquentibus
686 2640 818 2722 antiqua
842 2638 972 2706 nomina
990 2637 1051 2704 im·

130 2772 300 2845 ponentes,
331 2763 446 2827 subito
482 2758 549 2826 sibi
573 2760 710 2840 suisque
735 2757 874 2842 germani
892 2753 1052 2823 Socratici

129 2879 292 2945 ridentur:
317 2896 337 2943 a
361 2875 470 2942 doctis
496 2875 657 2955 ridentur,
681 2887 718 2940 ut
743 2874 797 2938 ille
821 2874 856 2940 in
876 2860 1049 2955 proverbio

133 2992 231 3058 tsinus
252 2993 293 3058 ad
317 2993 420 3075 lyram
448 2989 580 3057 saltans.
626 2989 679 3054 Ne
696 2989 795 3074 igitur
811 2996 869 3057 atrt
885 2991 1049 3075 dialogum
1095 3022 1099 3034 .

136 3125 190 3190 pru
205 3110 316 3192 puerili
345 3110 447 3188 lusu,
469 3120 526 3173 rut
549 3105 699 3189 puerilem
718 3106 886 3194 stultitiam
914 3109 1052 3175 interro·

134 3229 227 3310 gundo
251 3224 544 3310 respondenduque
564 3225 749 3293 distinctam
769 3232 829 3309 pro
849 3224 978 3309 dialogo
995 3227 1052 3293 ha·

135 3341 269 3410 burnus
313 3341 378 3408 Sed
406 3342 470 3408 hue
495 3341 631 3407 docendi
659 3351 760 3425 genos
780 3360 873 3422 quam
897 3343 939 3408 ob
958 3360 1055 3409 caus.

137 3478 194 3525 srm
215 3475 330 3541 etqua
357 3456 594 3524 ratione-Plato
624 3457 849 3543 usurpaverit,
873 3458 1051 3527 accuratius

137 3578 347 3658 exponendum
371 3576 525 3656 videturt
558 3573 586 3640 si
614 3575 699 3642 ioite
730 3574 969 3659 reprehensores
996 3576 1053 3644 isti

138 3691 296 3772 aliqutudo
314 3692 435 3759 rectius
449 3693 592 3778 judicare
606 3693 746 3763 discent.

180 3806 258 3870 Ante
279 3804 448 3874 Platonem
474 3806 532 3888 qui
557 3808 703 3893 dialogos
734 3807 930 3898 seripseiint
945 3808 1055 3893 philo-
1104 3808 1110 3821 “

144 3919 250 3999 sopiri,
280 3921 436 3988 incertum
464 3937 527 3991 est.
582 3925 810 3991 Alexamenum
845 3923 1056 4009 Tejumpri·

144 4048 206 4098 nos
233 4037 401 4120 scripsisse
419 4037 606 4105 vSocraticos
645 4035 793 4124 dialogos
818 4039 962 4122 prodidit
982 4038 1059 4102 Ari·

146 4149 258 4217 stotelsr
278 4151 366 4220 libro
392 4150 583 4237 perdito-de
608 4153 739 4236 Poetis,
763 4157 846 4223 unde
869 4156 952 4222 hanc
970 4170 1059 4219 men·

177 4258 238 4334 Vol.
256 4264 298 4340 11.
646 4268 672 4334 B
995 4266 1057 4335 tio·
1118 4355 1126 4362 ..
