<?xml version="1.0" encoding="UTF-8"?>
<!DOCTYPE html PUBLIC "-//W3C//DTD XHTML 1.0 Transitional//EN"
    "http://www.w3.org/TR/xhtml1/DTD/xhtml1-transitional.dtd">
<html xmlns="http://www.w3.org/1999/xhtml" xml:lang="en" lang="en">
 <head>
  <title>
</title>
<meta http-equiv="Content-Type" content="text/html;charset=utf-8" />
  <meta name='ocr-system' content='tesseract 3.04.00' />
  <meta name='ocr-capabilities' content='ocr_page ocr_carea ocr_par ocr_line ocrx_word'/>
</head>
<body>
  <div class='ocr_page' id='page_1' title='image "./opusculavariiar00wyttgoog/opusculavariiar00wyttgoog_0021.png"; bbox 0 0 2362 4936; ppageno 0'>
   <div class='ocr_carea' id='block_1_1' title="bbox 256 494 1019 617">
    <p class='ocr_par' dir='ltr' id='par_1_1' title="bbox 256 494 1019 617">
     <span class='ocr_line' id='line_1_1' title="bbox 256 494 1019 617; baseline -0.007 -21"><span class='ocrx_word' id='word_1_1' title='bbox 256 494 357 596; x_wconf 76' lang='lat' dir='ltr'>sn‘</span> <span class='ocrx_word' id='word_1_2' title='bbox 401 496 811 593; x_wconf 71' lang='lat' dir='ltr'>mensorum.</span> <span class='ocrx_word' id='word_1_3' title='bbox 980 518 1019 617; x_wconf 64' lang='lat' dir='ltr'>a.</span> 
     </span>
    </p>
   </div>
   <div class='ocr_carea' id='block_1_2' title="bbox 73 706 1014 2339">
    <p class='ocr_par' dir='ltr' id='par_1_2' title="bbox 73 706 1014 2339">
     <span class='ocr_line' id='line_1_2' title="bbox 74 706 1004 802; baseline -0.01 -13"><span class='ocrx_word' id='word_1_4' title='bbox 74 708 164 789; x_wconf 67' lang='lat' dir='ltr'>tione</span> <span class='ocrx_word' id='word_1_5' title='bbox 182 729 413 786; x_wconf 86' lang='lat' dir='ltr'>coercuerunt.</span> <span class='ocrx_word' id='word_1_6' title='bbox 469 709 543 802; x_wconf 74' lang='lat' dir='ltr'>ligo</span> <span class='ocrx_word' id='word_1_7' title='bbox 567 706 624 775; x_wconf 82' lang='lat' dir='ltr'>vix</span> <span class='ocrx_word' id='word_1_8' title='bbox 649 709 726 777; x_wconf 90' lang='lat' dir='ltr'>dum</span> <span class='ocrx_word' id='word_1_9' title='bbox 752 709 1004 782; x_wconf 85' lang='lat' dir='ltr'>adolescentiam</span> 
     </span>
     <span class='ocr_line' id='line_1_3' title="bbox 81 827 1010 922; baseline -0.011 -17"><span class='ocrx_word' id='word_1_10' title='bbox 81 837 240 922; x_wconf 84' lang='lat' dir='ltr'>ingressus</span> <span class='ocrx_word' id='word_1_11' title='bbox 255 852 367 915; x_wconf 82' lang='lat' dir='ltr'>eram,</span> <span class='ocrx_word' id='word_1_12' title='bbox 391 847 494 915; x_wconf 90' lang='lat' dir='ltr'>quum</span> <span class='ocrx_word' id='word_1_13' title='bbox 510 827 666 895; x_wconf 87' lang='lat' dir='ltr'>mirificus</span> <span class='ocrx_word' id='word_1_14' title='bbox 677 845 728 893; x_wconf 91' lang='lat' dir='ltr'>me</span> <span class='ocrx_word' id='word_1_15' title='bbox 741 843 869 910; x_wconf 89' lang='lat' dir='ltr'>caperet</span> <span class='ocrx_word' id='word_1_16' title='bbox 885 843 917 894; x_wconf 92' lang='lat' dir='ltr'>et</span> <span class='ocrx_word' id='word_1_17' title='bbox 931 848 1010 913; x_wconf 88' lang='lat' dir='ltr'>qua-</span> 
     </span>
     <span class='ocr_line' id='line_1_4' title="bbox 74 944 1010 1038; baseline -0.018 -15"><span class='ocrx_word' id='word_1_18' title='bbox 74 954 109 1023; x_wconf 92' lang='lat' dir='ltr'>si</span> <span class='ocrx_word' id='word_1_19' title='bbox 122 956 270 1038; x_wconf 66' lang='grc' dir='ltr'>διιμδνως</span> <span class='ocrx_word' id='word_1_20' title='bbox 289 969 382 1018; x_wconf 90' lang='lat' dir='ltr'>amor</span> <span class='ocrx_word' id='word_1_21' title='bbox 399 945 566 1016; x_wconf 79' lang='lat' dir='ltr'><strong>Platonis:</strong></span> <span class='ocrx_word' id='word_1_22' title='bbox 592 944 647 1011; x_wconf 89' lang='lat' dir='ltr'>cui</span> <span class='ocrx_word' id='word_1_23' title='bbox 662 945 798 1028; x_wconf 83' lang='lat' dir='ltr'>legendo</span> <span class='ocrx_word' id='word_1_24' title='bbox 817 961 921 1027; x_wconf 88' lang='lat' dir='ltr'>quum</span> <span class='ocrx_word' id='word_1_25' title='bbox 939 959 1010 1008; x_wconf 78' lang='lat' dir='ltr'>om·</span> 
     </span>
     <span class='ocr_line' id='line_1_5' title="bbox 78 1054 1008 1151; baseline -0.011 -13"><span class='ocrx_word' id='word_1_26' title='bbox 78 1090 113 1139; x_wconf 91' lang='lat' dir='ltr'>ue</span> <span class='ocrx_word' id='word_1_27' title='bbox 129 1088 234 1136; x_wconf 89' lang='lat' dir='ltr'>meum</span> <span class='ocrx_word' id='word_1_28' title='bbox 251 1083 385 1151; x_wconf 89' lang='lat' dir='ltr'>tempus</span> <span class='ocrx_word' id='word_1_29' title='bbox 403 1054 638 1147; x_wconf 88' lang='lat' dir='ltr'>impenderem,</span> <span class='ocrx_word' id='word_1_30' title='bbox 661 1075 732 1126; x_wconf 91' lang='lat' dir='ltr'>tum</span> <span class='ocrx_word' id='word_1_31' title='bbox 754 1059 788 1126; x_wconf 91' lang='lat' dir='ltr'>in</span> <span class='ocrx_word' id='word_1_32' title='bbox 806 1059 920 1143; x_wconf 89' lang='lat' dir='ltr'>primis</span> <span class='ocrx_word' id='word_1_33' title='bbox 939 1059 1008 1128; x_wconf 81' lang='lat' dir='ltr'>otia</span> 
     </span>
     <span class='ocr_line' id='line_1_6' title="bbox 73 1177 1009 1274; baseline -0.013 -18"><span class='ocrx_word' id='word_1_34' title='bbox 73 1189 261 1274; x_wconf 74' lang='lat' dir='ltr'>optabam,</span> <span class='ocrx_word' id='word_1_35' title='bbox 286 1183 411 1270; x_wconf 87' lang='lat' dir='ltr'>quibus</span> <span class='ocrx_word' id='word_1_36' title='bbox 428 1201 484 1266; x_wconf 88' lang='lat' dir='ltr'>per</span> <span class='ocrx_word' id='word_1_37' title='bbox 503 1180 579 1247; x_wconf 91' lang='lat' dir='ltr'>anni</span> <span class='ocrx_word' id='word_1_38' title='bbox 599 1192 819 1262; x_wconf 73' lang='lat' dir='ltr'>tempestatem</span> <span class='ocrx_word' id='word_1_39' title='bbox 844 1177 880 1244; x_wconf 89' lang='lat' dir='ltr'>in</span> <span class='ocrx_word' id='word_1_40' title='bbox 897 1177 1009 1262; x_wconf 80' lang='lat' dir='ltr'>sylvas’</span> 
     </span>
     <span class='ocr_line' id='line_1_7' title="bbox 77 1284 1009 1386; baseline -0.009 -17"><span class='ocrx_word' id='word_1_41' title='bbox 77 1319 265 1386; x_wconf 84' lang='lat' dir='ltr'>montesque</span> <span class='ocrx_word' id='word_1_42' title='bbox 282 1284 480 1368; x_wconf 72' lang='lat' dir='ltr'>excurrerem</span> <span class='ocrx_word' id='word_1_43' title='bbox 494 1342 506 1378; x_wconf 94' lang='lat'>,</span> <span class='ocrx_word' id='word_1_44' title='bbox 518 1309 550 1362; x_wconf 91' lang='lat' dir='ltr'>et</span> <span class='ocrx_word' id='word_1_45' title='bbox 566 1314 653 1360; x_wconf 81' lang='lat' dir='ltr'>nunc</span> <span class='ocrx_word' id='word_1_46' title='bbox 667 1292 773 1363; x_wconf 77' lang='lat' dir='ltr'>uiridi</span> <span class='ocrx_word' id='word_1_47' title='bbox 789 1293 934 1361; x_wconf 80' lang='lat' dir='ltr'>membra</span> <span class='ocrx_word' id='word_1_48' title='bbox 950 1294 1009 1361; x_wconf 82' lang='lat' dir='ltr'>sub</span> 
     </span>
     <span class='ocr_line' id='line_1_8' title="bbox 80 1411 1008 1513; baseline -0.01 -27"><span class='ocrx_word' id='word_1_49' title='bbox 80 1419 188 1486; x_wconf 79' lang='lat' dir='ltr'>arbato</span> <span class='ocrx_word' id='word_1_50' title='bbox 203 1430 359 1497; x_wconf 81' lang='lat' dir='ltr'>stratus,</span> <span class='ocrx_word' id='word_1_51' title='bbox 382 1435 467 1481; x_wconf 82' lang='lat' dir='ltr'>nunc</span> <span class='ocrx_word' id='word_1_52' title='bbox 482 1412 650 1513; x_wconf 23' lang='lat' dir='ltr'>adtaquae</span> <span class='ocrx_word' id='word_1_53' title='bbox 668 1411 738 1478; x_wconf 78' lang='lat' dir='ltr'>lene</span> <span class='ocrx_word' id='word_1_54' title='bbox 754 1423 855 1497; x_wconf 78' lang='lat' dir='ltr'>caput</span> <span class='ocrx_word' id='word_1_55' title='bbox 869 1430 1008 1494; x_wconf 83' lang='lat' dir='ltr'>sacrae,</span> 
     </span>
     <span class='ocr_line' id='line_1_9' title="bbox 80 1524 1010 1618; baseline -0.009 -18"><span class='ocrx_word' id='word_1_56' title='bbox 80 1552 272 1618; x_wconf 81' lang='lat' dir='ltr'>promerem,</span> <span class='ocrx_word' id='word_1_57' title='bbox 296 1548 366 1598; x_wconf 88' lang='lat' dir='ltr'>non</span> <span class='ocrx_word' id='word_1_58' title='bbox 385 1542 423 1595; x_wconf 90' lang='lat' dir='ltr'>ut</span> <span class='ocrx_word' id='word_1_59' title='bbox 439 1527 495 1595; x_wconf 90' lang='lat' dir='ltr'>ilie</span> <span class='ocrx_word' id='word_1_60' title='bbox 510 1524 626 1598; x_wconf 66' lang='lat' dir='ltr'>asteris</span> <span class='ocrx_word' id='word_1_61' title='bbox 636 1525 757 1615; x_wconf 78' lang='lat' dir='ltr'>pocula</span> <span class='ocrx_word' id='word_1_62' title='bbox 770 1524 930 1606; x_wconf 75' lang='lat' dir='ltr'><em>Massici,</em></span> <span class='ocrx_word' id='word_1_63' title='bbox 953 1524 1010 1592; x_wconf 88' lang='lat' dir='ltr'>sed</span> 
     </span>
     <span class='ocr_line' id='line_1_10' title="bbox 78 1642 1009 1732; baseline -0.008 -15"><span class='ocrx_word' id='word_1_64' title='bbox 78 1648 189 1717; x_wconf 89' lang='lat' dir='ltr'>librum</span> <span class='ocrx_word' id='word_1_65' title='bbox 200 1645 373 1730; x_wconf 83' lang='lat' dir='ltr'>Platonis,</span> <span class='ocrx_word' id='word_1_66' title='bbox 385 1646 420 1713; x_wconf 89' lang='lat' dir='ltr'>in</span> <span class='ocrx_word' id='word_1_67' title='bbox 437 1647 507 1732; x_wconf 88' lang='lat' dir='ltr'>ejus</span> <span class='ocrx_word' id='word_1_68' title='bbox 525 1663 576 1709; x_wconf 91' lang='lat' dir='ltr'>mc</span> <span class='ocrx_word' id='word_1_69' title='bbox 590 1642 762 1711; x_wconf 88' lang='lat' dir='ltr'>lectionem</span> <span class='ocrx_word' id='word_1_70' title='bbox 771 1642 1009 1727; x_wconf 75' lang='lat' dir='ltr'>conjiceremus</span> 
     </span>
     <span class='ocr_line' id='line_1_11' title="bbox 83 1748 1014 1847; baseline -0.004 -19"><span class='ocrx_word' id='word_1_71' title='bbox 83 1763 207 1847; x_wconf 88' lang='lat' dir='ltr'>penitus</span> <span class='ocrx_word' id='word_1_72' title='bbox 222 1763 440 1829; x_wconf 85' lang='lat' dir='ltr'>demitterem.</span> <span class='ocrx_word' id='word_1_73' title='bbox 464 1748 1014 1841; x_wconf 84' lang='lat' dir='ltr'>ibitumfierisolebat‚ut,quem·</span> 
     </span>
     <span class='ocr_line' id='line_1_12' title="bbox 82 1872 1014 1961; baseline -0.003 -16"><span class='ocrx_word' id='word_1_74' title='bbox 82 1880 247 1946; x_wconf 82' lang='lat' dir='ltr'>admodum</span> <span class='ocrx_word' id='word_1_75' title='bbox 265 1878 340 1961; x_wconf 87' lang='lat' dir='ltr'>ipse</span> <span class='ocrx_word' id='word_1_76' title='bbox 362 1876 398 1942; x_wconf 89' lang='lat' dir='ltr'>in</span> <span class='ocrx_word' id='word_1_77' title='bbox 416 1876 484 1943; x_wconf 91' lang='lat' dir='ltr'>alto</span> <span class='ocrx_word' id='word_1_78' title='bbox 510 1874 662 1957; x_wconf 86' lang='lat' dir='ltr'>editoque</span> <span class='ocrx_word' id='word_1_79' title='bbox 681 1872 811 1958; x_wconf 89' lang='lat' dir='ltr'>positus</span> <span class='ocrx_word' id='word_1_80' title='bbox 828 1877 861 1942; x_wconf 91' lang='lat' dir='ltr'>in</span> <span class='ocrx_word' id='word_1_81' title='bbox 874 1875 1014 1942; x_wconf 90' lang='lat' dir='ltr'>circum·</span> 
     </span>
     <span class='ocr_line' id='line_1_13' title="bbox 81 1991 1013 2080; baseline -0.003 -17"><span class='ocrx_word' id='word_1_82' title='bbox 81 1995 211 2080; x_wconf 81' lang='lat' dir='ltr'>jecemia</span> <span class='ocrx_word' id='word_1_83' title='bbox 227 1991 317 2060; x_wconf 89' lang='lat' dir='ltr'>infra</span> <span class='ocrx_word' id='word_1_84' title='bbox 334 2011 386 2059; x_wconf 91' lang='lat' dir='ltr'>me</span> <span class='ocrx_word' id='word_1_85' title='bbox 398 1993 470 2059; x_wconf 88' lang='lat' dir='ltr'>loca</span> <span class='ocrx_word' id='word_1_86' title='bbox 482 1992 585 2059; x_wconf 88' lang='lat' dir='ltr'>veluti</span> <span class='ocrx_word' id='word_1_87' title='bbox 593 2010 692 2076; x_wconf 88' lang='lat' dir='ltr'>parva</span> <span class='ocrx_word' id='word_1_88' title='bbox 701 2005 733 2057; x_wconf 93' lang='lat' dir='ltr'>et</span> <span class='ocrx_word' id='word_1_89' title='bbox 742 1991 874 2059; x_wconf 87' lang='lat' dir='ltr'>humilia</span> <span class='ocrx_word' id='word_1_90' title='bbox 882 1994 1013 2078; x_wconf 88' lang='lat' dir='ltr'>prospi-</span> 
     </span>
     <span class='ocr_line' id='line_1_14' title="bbox 81 2105 1011 2192; baseline 0.003 -19"><span class='ocrx_word' id='word_1_91' title='bbox 81 2108 215 2189; x_wconf 70' lang='lat' dir='ltr'>cubam,</span> <span class='ocrx_word' id='word_1_92' title='bbox 245 2107 296 2174; x_wconf 91' lang='lat' dir='ltr'>sic</span> <span class='ocrx_word' id='word_1_93' title='bbox 314 2105 462 2173; x_wconf 82' lang='lat' dir='ltr'>Platonis</span> <span class='ocrx_word' id='word_1_94' title='bbox 481 2107 576 2192; x_wconf 79' lang='lat' dir='ltr'>genio</span> <span class='ocrx_word' id='word_1_95' title='bbox 598 2108 743 2189; x_wconf 90' lang='lat' dir='ltr'>repletus</span> <span class='ocrx_word' id='word_1_96' title='bbox 760 2106 875 2191; x_wconf 91' lang='lat' dir='ltr'>purior</span> <span class='ocrx_word' id='word_1_97' title='bbox 894 2109 1011 2176; x_wconf 85' lang='lat' dir='ltr'>levior·</span> 
     </span>
     <span class='ocr_line' id='line_1_15' title="bbox 87 2221 1010 2339; baseline 0.008 -52"><span class='ocrx_word' id='word_1_98' title='bbox 87 2222 189 2305; x_wconf 90' lang='lat' dir='ltr'>quein</span> <span class='ocrx_word' id='word_1_99' title='bbox 207 2223 369 2289; x_wconf 83' lang='lat' dir='ltr'>coelestes</span> <span class='ocrx_word' id='word_1_100' title='bbox 387 2221 536 2307; x_wconf 82' lang='lat' dir='ltr'>regiones</span> <span class='ocrx_word' id='word_1_101' title='bbox 553 2222 706 2291; x_wconf 89' lang='lat' dir='ltr'>sublimis</span> <span class='ocrx_word' id='word_1_102' title='bbox 725 2225 851 2339; x_wconf 60' lang='lat' dir='ltr'>evadare</span> <span class='ocrx_word' id='word_1_103' title='bbox 864 2224 1010 2312; x_wconf 88' lang='lat' dir='ltr'>viderer,</span> 
     </span>
    </p>
   </div>
   <div class='ocr_carea' id='block_1_3' title="bbox 126 2408 959 2705">
    <p class='ocr_par' dir='ltr' id='par_1_3' title="bbox 126 2408 959 2705">
     <span class='ocr_line' id='line_1_16' title="bbox 131 2408 949 2488; baseline 0.006 -19"><span class='ocrx_word' id='word_1_104' title='bbox 131 2413 172 2469; x_wconf 62' lang='grc' dir='ltr'>ΕΙ</span> <span class='ocrx_word' id='word_1_105' title='bbox 184 2408 255 2468; x_wconf 75' lang='lat' dir='ltr'>milri</span> <span class='ocrx_word' id='word_1_106' title='bbox 267 2413 336 2485; x_wconf 82' lang='lat' dir='ltr'>jam</span> <span class='ocrx_word' id='word_1_107' title='bbox 355 2426 494 2468; x_wconf 80' lang='lat' dir='ltr'>tutnmam</span> <span class='ocrx_word' id='word_1_108' title='bbox 513 2413 655 2484; x_wconf 82' lang='lat' dir='ltr'>sapientia</span> <span class='ocrx_word' id='word_1_109' title='bbox 671 2413 813 2487; x_wconf 81' lang='lat' dir='ltr'>panderet</span> <span class='ocrx_word' id='word_1_110' title='bbox 830 2434 949 2488; x_wconf 76' lang='lat' dir='ltr'>arcein,</span> 
     </span>
     <span class='ocr_line' id='line_1_17' title="bbox 127 2515 909 2596; baseline 0.006 -19"><span class='ocrx_word' id='word_1_111' title='bbox 127 2518 205 2578; x_wconf 82' lang='lat' dir='ltr'>Unde</span> <span class='ocrx_word' id='word_1_112' title='bbox 222 2515 369 2576; x_wconf 76' lang='lat' dir='ltr'>hominum</span> <span class='ocrx_word' id='word_1_113' title='bbox 387 2535 499 2576; x_wconf 81' lang='lat' dir='ltr'>errores</span> <span class='ocrx_word' id='word_1_114' title='bbox 516 2519 598 2593; x_wconf 82' lang='lat' dir='ltr'>longe</span> <span class='ocrx_word' id='word_1_115' title='bbox 614 2521 729 2595; x_wconf 83' lang='lat' dir='ltr'>lateque</span> <span class='ocrx_word' id='word_1_116' title='bbox 743 2534 798 2596; x_wconf 87' lang='lat' dir='ltr'>per</span> <span class='ocrx_word' id='word_1_117' title='bbox 815 2524 909 2581; x_wconf 81' lang='lat' dir='ltr'>orbem</span> 
     </span>
     <span class='ocr_line' id='line_1_18' title="bbox 126 2623 959 2705; baseline 0.007 -16"><span class='ocrx_word' id='word_1_118' title='bbox 126 2629 281 2704; x_wconf 81' lang='lat' dir='ltr'>Despicere</span> <span class='ocrx_word' id='word_1_119' title='bbox 292 2638 404 2702; x_wconf 76' lang='lat' dir='ltr'>,atque</span> <span class='ocrx_word' id='word_1_120' title='bbox 418 2623 538 2687; x_wconf 81' lang='lat' dir='ltr'>humiles</span> <span class='ocrx_word' id='word_1_121' title='bbox 548 2641 653 2705; x_wconf 81' lang='lat' dir='ltr'>possem</span> <span class='ocrx_word' id='word_1_122' title='bbox 670 2640 844 2697; x_wconf 77' lang='lat' dir='ltr'>contemnere</span> <span class='ocrx_word' id='word_1_123' title='bbox 864 2651 959 2696; x_wconf 81' lang='lat' dir='ltr'>curas.</span> 
     </span>
    </p>
   </div>
   <div class='ocr_carea' id='block_1_4' title="bbox 79 2814 1024 4313">
    <p class='ocr_par' dir='ltr' id='par_1_4' title="bbox 79 2814 1022 4194">
     <span class='ocr_line' id='line_1_19' title="bbox 117 2814 1013 2905; baseline 0.01 -20"><span class='ocrx_word' id='word_1_124' title='bbox 117 2817 179 2885; x_wconf 85' lang='lat' dir='ltr'>Sed</span> <span class='ocrx_word' id='word_1_125' title='bbox 191 2816 259 2884; x_wconf 88' lang='lat' dir='ltr'>hoc</span> <span class='ocrx_word' id='word_1_126' title='bbox 276 2814 441 2883; x_wconf 86' lang='lat' dir='ltr'>somnium</span> <span class='ocrx_word' id='word_1_127' title='bbox 453 2863 466 2900; x_wconf 90' lang='lat'>‚</span> <span class='ocrx_word' id='word_1_128' title='bbox 479 2836 572 2903; x_wconf 85' lang='lat' dir='ltr'>saepe</span> <span class='ocrx_word' id='word_1_129' title='bbox 588 2818 666 2887; x_wconf 91' lang='lat' dir='ltr'>mihi</span> <span class='ocrx_word' id='word_1_130' title='bbox 678 2819 888 2904; x_wconf 88' lang='lat' dir='ltr'>inchoatum,</span> <span class='ocrx_word' id='word_1_131' title='bbox 900 2842 1013 2905; x_wconf 88' lang='lat' dir='ltr'>quam·</span> 
     </span>
     <span class='ocr_line' id='line_1_20' title="bbox 79 2936 1010 3025; baseline 0.006 -18"><span class='ocrx_word' id='word_1_132' title='bbox 79 2941 129 3007; x_wconf 83' lang='lat' dir='ltr'>uis</span> <span class='ocrx_word' id='word_1_133' title='bbox 144 2940 267 3021; x_wconf 86' lang='lat' dir='ltr'>breve,</span> <span class='ocrx_word' id='word_1_134' title='bbox 294 2936 420 3021; x_wconf 89' lang='lat' dir='ltr'>quippe</span> <span class='ocrx_word' id='word_1_135' title='bbox 435 2956 510 3021; x_wconf 71' lang='lat' dir='ltr'>mor</span> <span class='ocrx_word' id='word_1_136' title='bbox 533 2938 706 3023; x_wconf 89' lang='lat' dir='ltr'>abruptum</span> <span class='ocrx_word' id='word_1_137' title='bbox 723 2942 873 3025; x_wconf 89' lang='lat' dir='ltr'>corporis</span> <span class='ocrx_word' id='word_1_138' title='bbox 897 2941 1010 3013; x_wconf 89' lang='lat' dir='ltr'>admo·</span> 
     </span>
     <span class='ocr_line' id='line_1_21' title="bbox 84 3054 1013 3145; baseline -0.008 -19"><span class='ocrx_word' id='word_1_139' title='bbox 84 3057 220 3137; x_wconf 88' lang='lat' dir='ltr'>uitione,</span> <span class='ocrx_word' id='word_1_140' title='bbox 243 3054 387 3123; x_wconf 85' lang='lat' dir='ltr'>animum</span> <span class='ocrx_word' id='word_1_141' title='bbox 404 3071 422 3120; x_wconf 91' lang='lat' dir='ltr'>e</span> <span class='ocrx_word' id='word_1_142' title='bbox 438 3056 530 3122; x_wconf 91' lang='lat' dir='ltr'>coelo</span> <span class='ocrx_word' id='word_1_143' title='bbox 546 3056 579 3122; x_wconf 89' lang='lat' dir='ltr'>io</span> <span class='ocrx_word' id='word_1_144' title='bbox 597 3069 710 3124; x_wconf 90' lang='lat' dir='ltr'>terram</span> <span class='ocrx_word' id='word_1_145' title='bbox 729 3059 947 3145; x_wconf 88' lang='lat' dir='ltr'>detrahentis,</span> <span class='ocrx_word' id='word_1_146' title='bbox 963 3075 1013 3129; x_wconf 90' lang='lat' dir='ltr'>ta.</span> 
     </span>
     <span class='ocr_line' id='line_1_22' title="bbox 85 3169 1014 3254; baseline 0.003 -14"><span class='ocrx_word' id='word_1_147' title='bbox 85 3194 152 3241; x_wconf 88' lang='lat' dir='ltr'>meu</span> <span class='ocrx_word' id='word_1_148' title='bbox 174 3175 219 3239; x_wconf 91' lang='lat' dir='ltr'>ita</span> <span class='ocrx_word' id='word_1_149' title='bbox 246 3171 396 3238; x_wconf 87' lang='lat' dir='ltr'>crebrum</span> <span class='ocrx_word' id='word_1_150' title='bbox 423 3169 640 3254; x_wconf 90' lang='lat' dir='ltr'>refertumque</span> <span class='ocrx_word' id='word_1_151' title='bbox 665 3170 731 3237; x_wconf 85' lang='lat' dir='ltr'>fuit</span> <span class='ocrx_word' id='word_1_152' title='bbox 756 3171 948 3242; x_wconf 89' lang='lat' dir='ltr'>mirabilium</span> <span class='ocrx_word' id='word_1_153' title='bbox 963 3173 1014 3242; x_wconf 76' lang='lat' dir='ltr'>vi·</span> 
     </span>
     <span class='ocr_line' id='line_1_23' title="bbox 83 3286 1018 3373; baseline -0.002 -13"><span class='ocrx_word' id='word_1_154' title='bbox 83 3309 189 3361; x_wconf 84' lang='lat' dir='ltr'>sorum</span> <span class='ocrx_word' id='word_1_155' title='bbox 213 3301 439 3368; x_wconf 89' lang='lat' dir='ltr'>sensuumque</span> <span class='ocrx_word' id='word_1_156' title='bbox 465 3286 638 3369; x_wconf 88' lang='lat' dir='ltr'>varietate,</span> <span class='ocrx_word' id='word_1_157' title='bbox 663 3305 745 3369; x_wconf 90' lang='lat' dir='ltr'>quae</span> <span class='ocrx_word' id='word_1_158' title='bbox 771 3288 872 3354; x_wconf 88' lang='lat' dir='ltr'>veluti</span> <span class='ocrx_word' id='word_1_159' title='bbox 893 3304 1018 3373; x_wconf 85' lang='lat' dir='ltr'>myste-</span> 
     </span>
     <span class='ocr_line' id='line_1_24' title="bbox 84 3402 1016 3494; baseline 0.002 -20"><span class='ocrx_word' id='word_1_160' title='bbox 84 3409 148 3491; x_wconf 88' lang='lat' dir='ltr'>n&#39;a,</span> <span class='ocrx_word' id='word_1_161' title='bbox 170 3425 294 3486; x_wconf 91' lang='lat' dir='ltr'>nemo,</span> <span class='ocrx_word' id='word_1_162' title='bbox 319 3402 471 3488; x_wconf 86' lang='lat' dir='ltr'>quamvis</span> <span class='ocrx_word' id='word_1_163' title='bbox 489 3403 661 3487; x_wconf 87' lang='lat' dir='ltr'>initiatus,</span> <span class='ocrx_word' id='word_1_164' title='bbox 684 3404 832 3473; x_wconf 89' lang='lat' dir='ltr'>oratione</span> <span class='ocrx_word' id='word_1_165' title='bbox 848 3425 1016 3494; x_wconf 87' lang='lat' dir='ltr'>enarrare,</span> 
     </span>
     <span class='ocr_line' id='line_1_25' title="bbox 81 3520 1018 3614; baseline 0.003 -21"><span class='ocrx_word' id='word_1_166' title='bbox 81 3543 172 3593; x_wconf 88' lang='lat' dir='ltr'>nemo</span> <span class='ocrx_word' id='word_1_167' title='bbox 188 3521 370 3609; x_wconf 88' lang='lat' dir='ltr'>profanus,</span> <span class='ocrx_word' id='word_1_168' title='bbox 389 3520 540 3603; x_wconf 85' lang='lat' dir='ltr'>quamvis</span> <span class='ocrx_word' id='word_1_169' title='bbox 560 3536 725 3605; x_wconf 91' lang='lat' dir='ltr'>enarrata,</span> <span class='ocrx_word' id='word_1_170' title='bbox 744 3522 920 3609; x_wconf 80' lang='lat' dir='ltr'>intelligere</span> <span class='ocrx_word' id='word_1_171' title='bbox 936 3546 1018 3614; x_wconf 91' lang='lat' dir='ltr'>pos·</span> 
     </span>
     <span class='ocr_line' id='line_1_26' title="bbox 81 3634 1017 3738; baseline 0.004 -29"><span class='ocrx_word' id='word_1_172' title='bbox 81 3643 145 3724; x_wconf 87' lang='lat' dir='ltr'>sit,</span> <span class='ocrx_word' id='word_1_173' title='bbox 167 3641 320 3709; x_wconf 88' lang='lat' dir='ltr'>initiatus</span> <span class='ocrx_word' id='word_1_174' title='bbox 342 3636 383 3703; x_wconf 89' lang='lat' dir='ltr'>ab</span> <span class='ocrx_word' id='word_1_175' title='bbox 409 3634 536 3708; x_wconf 91' lang='lat' dir='ltr'>initiato</span> <span class='ocrx_word' id='word_1_176' title='bbox 562 3635 676 3723; x_wconf 86' lang='lat' dir='ltr'>paucis</span> <span class='ocrx_word' id='word_1_177' title='bbox 698 3641 805 3707; x_wconf 86' lang='lat' dir='ltr'>verbis</span> <span class='ocrx_word' id='word_1_178' title='bbox 828 3643 1017 3738; x_wconf 71' lang='lat' dir='ltr'>admonitus</span> 
     </span>
     <span class='ocr_line' id='line_1_27' title="bbox 81 3751 1022 3839; baseline 0.002 -20"><span class='ocrx_word' id='word_1_179' title='bbox 81 3755 235 3820; x_wconf 90' lang='lat' dir='ltr'>continuo</span> <span class='ocrx_word' id='word_1_180' title='bbox 254 3751 389 3821; x_wconf 88' lang='lat' dir='ltr'>sentiat.</span> <span class='ocrx_word' id='word_1_181' title='bbox 435 3753 540 3839; x_wconf 85' lang='lat' dir='ltr'>igitur</span> <span class='ocrx_word' id='word_1_182' title='bbox 565 3768 596 3820; x_wconf 91' lang='lat' dir='ltr'>et</span> <span class='ocrx_word' id='word_1_183' title='bbox 613 3753 669 3820; x_wconf 86' lang='lat' dir='ltr'>Tu</span> <span class='ocrx_word' id='word_1_184' title='bbox 692 3761 817 3838; x_wconf 87' lang='lat' dir='ltr'>sentis,</span> <span class='ocrx_word' id='word_1_185' title='bbox 839 3756 884 3822; x_wconf 93' lang='lat' dir='ltr'>mi</span> <span class='ocrx_word' id='word_1_186' title='bbox 910 3759 1022 3824; x_wconf 87' lang='lat' dir='ltr'>Heus-</span> 
     </span>
     <span class='ocr_line' id='line_1_28' title="bbox 83 3870 1021 3952; baseline 0.001 -16"><span class='ocrx_word' id='word_1_187' title='bbox 83 3872 130 3938; x_wconf 88' lang='lat' dir='ltr'>de.</span> <span class='ocrx_word' id='word_1_188' title='bbox 172 3871 216 3939; x_wconf 86' lang='lat' dir='ltr'>Et</span> <span class='ocrx_word' id='word_1_189' title='bbox 243 3870 330 3940; x_wconf 87' lang='lat' dir='ltr'>mihi</span> <span class='ocrx_word' id='word_1_190' title='bbox 355 3872 434 3935; x_wconf 88' lang='lat' dir='ltr'>satis</span> <span class='ocrx_word' id='word_1_191' title='bbox 461 3870 526 3952; x_wconf 92' lang='lat' dir='ltr'>sit,</span> <span class='ocrx_word' id='word_1_192' title='bbox 558 3870 622 3937; x_wconf 88' lang='lat' dir='ltr'>hoc</span> <span class='ocrx_word' id='word_1_193' title='bbox 649 3871 776 3938; x_wconf 86' lang='lat' dir='ltr'>dedisse</span> <span class='ocrx_word' id='word_1_194' title='bbox 801 3871 1021 3942; x_wconf 88' lang='lat' dir='ltr'>recordationi</span> 
     </span>
     <span class='ocr_line' id='line_1_29' title="bbox 85 3966 1021 4074; baseline 0.009 -24"><span class='ocrx_word' id='word_1_195' title='bbox 85 3989 194 4054; x_wconf 88' lang='lat' dir='ltr'>somnii</span> <span class='ocrx_word' id='word_1_196' title='bbox 220 3988 315 4066; x_wconf 86' lang='lat' dir='ltr'>iilius</span> <span class='ocrx_word' id='word_1_197' title='bbox 339 4000 371 4053; x_wconf 90' lang='lat' dir='ltr'>et</span> <span class='ocrx_word' id='word_1_198' title='bbox 397 3966 576 4070; x_wconf 81' lang='lat' dir='ltr'>frequentis</span> <span class='ocrx_word' id='word_1_199' title='bbox 603 4006 635 4055; x_wconf 91' lang='lat' dir='ltr'>et</span> <span class='ocrx_word' id='word_1_200' title='bbox 662 3989 822 4074; x_wconf 87' lang='lat' dir='ltr'>mirifici,</span> <span class='ocrx_word' id='word_1_201' title='bbox 854 4006 1021 4072; x_wconf 88' lang='lat' dir='ltr'>tamquam</span> 
     </span>
     <span class='ocr_line' id='line_1_30' title="bbox 83 4102 1022 4194; baseline 0.002 -24"><span class='ocrx_word' id='word_1_202' title='bbox 83 4102 324 4193; x_wconf 86' lang='lat' dir='ltr'>anticipationis</span> <span class='ocrx_word' id='word_1_203' title='bbox 351 4112 384 4170; x_wconf 86' lang='lat' dir='ltr'>et</span> <span class='ocrx_word' id='word_1_204' title='bbox 409 4112 528 4193; x_wconf 83' lang='lat' dir='ltr'>gustus</span> <span class='ocrx_word' id='word_1_205' title='bbox 545 4118 637 4173; x_wconf 83' lang='lat' dir='ltr'>verse</span> <span class='ocrx_word' id='word_1_206' title='bbox 655 4119 688 4172; x_wconf 90' lang='lat' dir='ltr'>et</span> <span class='ocrx_word' id='word_1_207' title='bbox 704 4126 723 4175; x_wconf 87' lang='lat' dir='ltr'>a</span> <span class='ocrx_word' id='word_1_208' title='bbox 741 4108 890 4194; x_wconf 77' lang='lat' dir='ltr'>corporIs</span> <span class='ocrx_word' id='word_1_209' title='bbox 905 4108 1022 4175; x_wconf 85' lang='lat' dir='ltr'>vinc&#39;u·</span> 
     </span>
    </p>

    <p class='ocr_par' dir='ltr' id='par_1_5' title="bbox 293 4221 1024 4313">
     <span class='ocr_line' id='line_1_31' title="bbox 293 4221 1024 4313; baseline 0.008 -26"><span class='ocrx_word' id='word_1_210' title='bbox 293 4232 295 4237; x_wconf 68' lang='grc'><strong>“</strong></span> <span class='ocrx_word' id='word_1_211' title='bbox 616 4222 697 4313; x_wconf 77' lang='lat' dir='ltr'>Aq</span> <span class='ocrx_word' id='word_1_212' title='bbox 799 4268 809 4279; x_wconf 45' lang='grc' dir='ltr'><em>ι</em></span> <span class='ocrx_word' id='word_1_213' title='bbox 976 4221 1024 4293; x_wconf 82' lang='lat' dir='ltr'>lis</span> 
     </span>
    </p>
   </div>
   <div class='ocr_carea' id='block_1_5' title="bbox 0 0 1188 4936">
    <p class='ocr_par' dir='ltr' id='par_1_6' title="bbox 0 0 1188 4936">
     <span class='ocr_line' id='line_1_32' title="bbox 0 0 1188 4936; baseline 0 0"><span class='ocrx_word' id='word_1_214' title='bbox 0 0 1188 4936; x_wconf 95' lang='lat' dir='ltr'> </span> 
     </span>
    </p>
   </div>
  </div>
 </body>
</html>
