2362 4936
462 254 467 263 n

557 336 566 349 f.

65 332 70 601 D
294 478 839 565 anrrnusnrttm.
1001 515 1050 602 ,ς

132 684 208 760 lon,
227 692 375 758 morum,
399 674 547 745 omnium
572 676 705 747 omnino
733 698 840 750 rerum
863 679 957 752 illius
984 706 1043 759 a.

135 796 205 860 tatis.
241 788 361 873 Neque
385 807 462 859 vero
489 808 552 859 nos
578 791 760 863 invidemus
784 797 975 883 hujusmodi
991 802 1041 873 in·

132 905 348 992 terpretationes
374 903 565 974 hominibus
590 907 734 978 Graecae
756 912 886 999 linguae
907 929 939 983 et
957 918 1044 988 anti«

132 1023 243 1110 quitatis
260 1022 404 1108 ignaris:
430 1025 489 1092 sed
510 1026 639 1094 cosdem
665 1028 739 1097 inde
758 1031 798 1096 de
819 1031 1040 1117 scriptoribus

129 1141 267 1222 rebusque
289 1134 427 1205 Graecis
453 1138 619 1223 judicare,
641 1143 693 1209 vel
719 1141 881 1228 ridemus,
904 1148 956 1213 vel
978 1145 1041 1214 mi·

128 1275 266 1337 ruamur,
289 1267 376 1321 certe
392 1255 567 1341 miramur,
583 1258 642 1341 qui
657 1259 869 1344 ignorantiam
886 1262 1041 1349 ignoran-⁸

128 1373 367 1455 intonalem,
388 1389 448 1439 nec
478 1388 647 1441 vereantur
670 1374 806 1458 prodere
831 1395 865 1444 se
888 1381 1036 1465 nescire,

129 1492 192 1576 quid
211 1491 252 1558 ait
263 1490 425 1576 judicare.
468 1490 540 1574 Ar,
559 1490 738 1574 inquiunt,
766 1499 955 1580 quaerimur
973 1516 1034 1562 nu-

127 1613 227 1694 cleum,
247 1630 309 1676 noo
326 1608 518 1697 putamina.
563 1608 636 1678 Vos
654 1627 751 1693 vero,
774 1624 812 1678 ut
836 1612 948 1696 pueri,
971 1630 1036 1682 nu·

126 1731 202 1797 tibus
229 1727 368 1795 luditis:
404 1727 502 1809 quasi
527 1744 604 1795 vero
627 1727 691 1794 ista
716 1726 833 1801 similia
856 1729 945 1800 aintr
975 1743 1034 1800 aut

128 1846 202 1927 quasi
217 1845 253 1911 ad
269 1844 425 1912 nucleum
443 1843 507 1910 nisi
522 1862 579 1927 per
598 1858 752 1929 putamen
768 1845 875 1914 aditus
890 1846 954 1916 sita
976 1858 1035 1914 aut

126 1961 202 2042 quasi
216 1963 270 2044 id,
293 1961 388 2044 quod
404 1978 467 2028 vos
482 1974 632 2043 putamen
647 1960 773 2030 vocatis
791 1962 827 2029 in
850 1964 1033 2049 scriptore,

117 2073 145 2143 id
167 2092 229 2160 est,
249 2075 393 2145 vestitus
416 2092 449 2142 et
471 2075 574 2144 forma
601 2077 781 2162 orationis,
803 2096 871 2145 non
889 2078 965 2144 item
985 2077 1056 2147 sit*

117 2210 180 2275 pars
191 2195 367 2262 sententiae
382 2191 633 2275 etnutrimenti.
685 2192 734 2260 Et
750 2211 848 2275 vero,
871 2192 1033 2278 cumipse

113 2305 194 2375 Plato
210 2326 256 2375 eat
270 2309 388 2392 poira,
412 2320 482 2373 tum
499 2309 602 2373 multa
622 2308 777 2375 assumsit
796 2327 814 2374 a
837 2309 978 2392 poetis,
993 2323 1033 2381 ut

111 2424 262 2491 anemine
275 2424 498 2508 intelligatur,
520 2420 724 2488 nisi·Graece
736 2424 870 2505 legatur.
915 2423 1034 2507 Neque

111 2555 203 2623 tanen
231 2541 339 2607 omnis
364 2538 491 2605 Graece
514 2539 634 2604 doctus
663 2538 821 2622 intelliget
845 2539 1029 2612 Platonem.

110 2657 156 2724 Ad
173 2655 302 2741 linguae
319 2669 500 2721 accuratam
518 2654 736 2739 cognitlonem
752 2657 882 2723 accedat
901 2669 1032 2738 oportet

108 2773 263 2856 proprium
289 2772 454 2854 quoddam
480 2771 616 2856 legentis
641 2772 829 2856 ingenium,
860 2773 1029 2854 studium,

106 2891 269 2976 judicium:
295 2890 419 2975 quibus
447 2889 628 2957 instructus
648 2907 719 2956 esse
744 2890 838 2957 debet
861 2889 1028 2959 Platonem

108 3010 149 3075 rel
171 3009 422 3091 intellecturus,
456 3008 510 3074 vel
536 3007 699 3074 editurus.
739 3007 808 3075 llic
833 3008 932 3091 igitur
955 3007 1030 3091 phi·

107 3128 275 3213 losophiam
290 3130 364 3215 ejus
381 3145 577 3212 cognoscere
594 3126 738 3195 studebit
756 3175 769 3212 ,
791 3142 828 3194 ut
844 3127 951 3211 primo
968 3146 1027 3193 cu-

106 3247 209 3332 jusque
221 3248 346 3334 dialogi
366 3260 397 3314 ct
414 3263 635 3332 argumentum
661 3263 693 3314 et
707 3247 881 3315 consilium
902 3249 1029 3333 perspi·

108 3369 180 3436 ciat:
203 3371 319 3438 deinde
335 3382 401 3434 tres
418 3369 569 3451 antiquae
594 3367 823 3452 philosophiae
844 3383 952 3453 partes
969 3370 1025 3436 di·

107 3491 259 3577 stingum,
281 3508 314 3558 et
341 3490 521 3573 unicuique
545 3508 640 3557 suum
666 3510 702 3558 ac
718 3488 887 3574 proprium
903 3492 957 3557 det
974 3491 1025 3561 lo·

104 3627 188 3695 tum,
209 3611 379 3698 Logicae,
394 3607 552 3692 Ethicae,
574 3610 744 3695 Physicaer
770 3611 936 3697 subjectas
953 3613 1022 3682 sin-

107 3732 179 3812 gulis
204 3747 312 3816 partes
344 3730 533 3798 discernatt
579 3730 753 3815 Logicae,
789 3731 1023 3820 Dialecticam,

107 3847 295 3936 oratoriam,
331 3851 519 3932 Poiticam,
550 3849 821 3936 Grammaticam,
844 3855 1031 3937 Criticamt¹

108 3963 243 4050 Ethicte,
273 3971 374 4037 locos
399 3967 438 4032 de
460 3964 655 4049 Principiis,
689 3965 900 4051 Virtutibus,
930 3970 1022 4038 Pini-

102 4081 175 4173 bur,
196 4089 349 4173 Officiis,
372 4084 638 4157 summobono:
663 4086 840 4175 Physicae,
862 4091 901 4157 de
923 4088 1022 4157 rebus

925 4266 928 4271 .
963 4206 1025 4275 ut.
