2362 4936
7 29 1095 263 ψ

166 301 170 310 .
217 315 222 327 1
747 332 750 337 Α

174 549 241 639 τῷ
382 542 826 625 ··aetsnonn
892 564 898 577 ·

171 735 387 815 Pitiiaiethes,
412 732 553 820 tigrotae
573 735 637 818 it,
658 749 691 800 et
716 732 912 807 Critobulus
927 732 1094 820 Asclepia-

172 854 226 935 eiis
255 851 318 932 R,
350 850 465 915 multae
492 849 770 932 politissimacque
796 848 943 914 homines
971 846 1082 916 doctri·

33 1004 39 1013 -
171 988 256 1050 nse,
278 979 313 1033 et
332 966 521 1045 ,studiorum
547 964 796 1048 communione,
818 980 852 1031 et
866 964 1075 1035 amicitiaeve·

170 1097 312 1163 tostate,
336 1098 460 1146 mecum
482 1080 664 1164 coniuncti.
717 1080 784 1167 Qui
813 1079 925 1146 subito
944 1077 995 1149 Te
1012 1099 1074 1151 cco

170 1197 535 1284 spicati„rqditumque
560 1195 638 1263 Tibi
656 1195 828 1280 gratulati,
861 1214 964 1278 quum
987 1194 1072 1269 costr

122 1376 125 1383 .
172 1331 242 1383 nuo
258 1329 407 1396 quaerere
421 1312 630 1396 coepissent,
651 1313 768 1394 ecquid
785 1314 872 1397 apud
886 1296 1095 1413 exterostct,

171 1430 235 1512 ⁸vii
257 1449 381 1513 ecquos
392 1431 497 1497 claros
512 1430 602 1497 vitos
626 1429 793 1496 vidisses?
814 1429 934 1512 ecquid
947 1428 1095 1521 iiionhj

172 1546 229 1617 ilia
243 1562 346 1631 terra,
367 1544 491 1627 acquin
501 1546 598 1612 alium
616 1545 650 1615 in
665 1544 750 1617 aliti
781 1544 903 1626 Tuque
917 1544 1023 1613 iis‘its
1038 1532 1095 1639 »ἦ

172 1663 383 1749 spondisses,
407 1676 443 1729 ut
465 1677 497 1729 et
513 1662 712 1730 humanitate
737 1675 791 1729 tua
808 1679 840 1739 et
857 1644 1095 1747 diligentique-J

174 1777 286 1845 lectari
309 1777 514 1859 viderentur,
537 1777 585 1842 sic
609 1777 803 1860 perrexisti:
847 1822 869 1859 „
896 1778 1072 1857 Enimvero,

163 1896 200 1978 f„
221 1888 487 1978 praestantissimi
506 1890 593 1974 viti,
614 1891 680 1958 alio
698 1891 793 1957 vobis
810 1905 955 1975 tempore
972 1895 1008 1960 de
1020 1907 1073 1968 cat·

175 1997 319 2092 ;,tetis,
342 2024 423 2089 quas
447 2007 622 2088 quaeritis,
645 2007 741 2073 rebus
766 2005 983 2083 satisfaciam
1004 2023 1075 2084 nont

174 2120 303 2205 qmihi
333 2121 415 2187 hanc
443 2123 568 2190 veniam
592 2122 691 2202 date,
730 2136 768 2190 ut
799 2123 970 2194 conficiam
1004 2121 1076 2210 quoi

176 2281 199 2320 „
220 2254 407 2320 coeperam,
430 2252 463 2304 et
487 2258 506 2304 a
531 2237 596 2308 W.·
613 2253 728 2307 nostro
753 2257 848 2310 vetos
866 2245 1007 2312 debitum
1025 2244 1076 2314 exi·

173 2401 200 2449 „
221 2375 316 2443 qam,
338 2356 431 2439 quod
454 2369 528 2437 aute
545 2358 730 2443 compiures
753 2360 833 2431 milti
853 2381 956 2431 anuos
978 2361 1078 2449 proni·

171 2518 200 2559 „
221 2475 288 2557 sit,
308 2492 344 2541 se
368 2475 408 2543 de
422 2473 604 2543 novissimo
631 2474 693 2543 iilo.
715 2476 1012 2562 philosophantium
1028 2479 1081 2546 ier·

178 2633 199 2679 „
221 2608 299 2657 vore
315 2586 553 2661 narraturum.”
593 2588 665 2656 illie
682 2587 765 2656 inter
777 2609 813 2659 se
830 2589 1081 2671 subtidmtibus,

176 2720 208 2799 et
238 2720 403 2769 assensum
434 2703 574 2771 invicem
605 2719 689 2779 nutu
710 2704 989 2790 significantibus,
1012 2707 1081 2774 affit·

103 2798 106 2805 ¹
174 2821 404 2904 mentibusque
426 2836 648 2905 opportunum
682 2821 746 2893 sibi
775 2825 917 2897 accidere
941 2825 976 2892 id
1000 2839 1081 2911 argu·

175 2906 342 3020 mentum,
364 2952 396 3004 et
423 2938 565 3010 iibenter¹
579 2939 768 3024 audituros3
792 2942 922 3013 habitus
939 2941 1081 3012 interno

174 3072 224 3145 est
240 3056 293 3127 hic
313 3075 443 3140 sermo,
466 3075 562 3140 quem
581 3072 617 3123 ut
633 3058 1080 3144 conscriberemsderemqut,

174 3173 271 3247 vobis
281 3171 514 3258 hortantibus,
528 3193 588 3259 ego
606 3192 656 3241 me
670 3174 831 3244 facturum
850 3191 882 3242 et
897 3176 941 3243 ad
954 3172 1004 3244 Te
1015 3170 1080 3242 acti·

97 3310 102 3319 ’
173 3305 305 3377 pturum
329 3268 484 3375 promisi:
509 3306 541 3363 et
565 3310 652 3358 nunc
680 3293 774 3359 fidem
800 3291 963 3376 liberans,
978 3292 1081 3361 edim

174 3423 207 3482 et
231 3408 289 3474 hac
317 3409 388 3494 ipsa
412 3409 681 3492 comprehensum
716 3407 856 3492 epistola
886 3406 966 3476 Tibi
990 3405 1081 3475 sito

171 3527 229 3610 sic
253 3545 357 3602 eutem
382 3529 538 3611 refertur,
569 3530 661 3612 quasi
686 3527 750 3611 ipsi
775 3530 946 3609 loquentes
968 3526 1081 3605 indunt

175 3663 266 3727 mur;
290 3666 330 3712 ne
357 3652 490 3735 inquam
516 3660 547 3710 et
574 3647 683 3732 inquit
709 3643 839 3726 saepius
861 3643 1081 3726 interponetur.

173 3761 213 3844 io
233 3779 301 3843 quo
322 3760 378 3828 Tu
405 3762 627 3835 auctoritatem
653 3758 823 3827 Ciceronis
847 3757 898 3824 tui
923 3762 1080 3844 agnosetu

175 3876 234 3962 qui
251 3875 286 3943 in
303 3875 416 3943 Laelio
438 3874 513 3945 item
536 3876 637 3962 fecit,
658 3876 805 3950 entonis
827 3874 907 3961 sui,
928 3886 969 3946 ut
989 3870 1082 3954 muido

172 3993 352 4080 exemplum
371 4005 520 4073 secutus«
538 4003 558 4064 ’.

902 4168 910 4180 2
975 4172 979 4178 .
1045 4164 1050 4176 ι

785 4254 831 4280 ἢ,
1064 4211 1095 4289 q

847 4283 893 4306 ».”

836 4375 841 4388 Ι
