2362 4936
136 619 198 692 nn
217 608 618 688 mnonrmmnrs
640 606 787 686 nuno.
862 608 927 701 σῃ

86 827 238 879 sersonrm
264 820 296 873 et
318 801 480 888 ingenium
504 795 599 888 ejus,
634 796 675 867 ccl
700 805 796 883 qu'em
819 801 938 871 scribi·
956 818 1025 873 sees.
1041 811 1076 875 x·

107 929 196 1012 Ergo
210 925 245 991 in
263 919 471 991 consolandis
488 904 600 986 amicis
620 917 816 1002 Epicureis,
840 919 940 985 ratio·
956 888 1066 946 Μ

86 1064 112 1111 rs
139 1044 244 1110 utitur
261 1057 299 1105 ex
317 1038 374 1104 illl
390 1037 501 1103 scholi
517 1032 646 1101 doctiss
671 1033 772 1099 veluti
795 1036 835 1100 sd
852 1032 940 1102 Tor·

86 1173 149 1224 tum
172 1156 236 1221 Ad.
259 1152 389 1219 Divers.
417 1137 477 1215 v1.
511 1169 542 1234 3.
590 1194 621 1230 ‚,
643 1145 709 1213 Sed
729 1148 809 1214 haec
831 1132 939 1213 conso·

86 1297 94 1339 s
110 1273 190 1341 lenis
206 1281 274 1336 ess:
295 1266 358 1333 illa
372 1266 533 1351 grauior,
552 1262 622 1352 qud
636 1277 671 1328 ts
685 1264 737 1327 uti
753 1279 864 1351 spero,
881 1268 939 1347 ego

86 1410 99 1454 s
122 1400 219 1452 utor:
241 1404 297 1451 nec
322 1380 430 1461 enim,
450 1377 525 1447 dum
543 1399 619 1462 cro,
642 1396 753 1466 angar
777 1378 852 1446 ulla
873 1399 934 1464 rc,

86 1532 87 1540 ¹
104 1505 192 1570 omni
205 1521 313 1571 vacem
330 1497 431 1586 culpd
440 1511 454 1562 ,⁴
474 1508 506 1562 st
524 1498 553 1560 si
567 1514 630 1560 non
645 1510 716 1576 ero,
730 1513 820 1562 sensu
835 1502 939 1565 omni.

86 1611 235 1682 rareio?
277 1612 328 1679 Ite
353 1612 392 1678 ed
416 1610 572 1689 eundem,
601 1607 752 1691 Epistola
774 1611 933 1692 proximis

86 1731 168 1797 iliter
192 1731 231 1794 ad
246 1727 375 1796 Titium
394 1726 496 1791 utitur
508 1725 585 1791 uoci
603 1723 660 1790 illl
678 1723 840 1812 disjuncti
855 1745 936 1799 con-

88 1848 184 1939 iunc,
204 1842 251 1912 V.
272 1847 320 1912 16.
343 1875 399 1929 ··.
415 1888 443 1926 ‚‚
466 1843 646 1930 saepissime
661 1853 693 1904 ec
707 1839 773 1929 legi
788 1855 819 1906 el
837 1847 935 1913 audi·
1044 1861 1046 1864 ·

90 1960 177 2027 nihil
203 1958 285 2025 mall
310 1959 426 2025 esses'n
450 1970 570 2037 morte,
593 1975 634 2022 ss
652 1956 721 2045 qud
742 1961 771 2020 ss·
792 1960 935 2028 resideas

86 2097 141 2159 us,
159 2074 396 2143 immortalitas
414 2074 476 2142 ula
489 2077 707 2167 potiusquam
721 2097 805 2143 mors
818 2077 936 2144 ducem

86 2198 141 2260 it:
161 2197 212 2258 sin
236 2196 280 2259 sis
306 2197 461 2273 amissus,
484 2191 577 2257 nulla
603 2188 710 2260 sidere
727 2195 863 2260 miseria
880 2193 935 2261 des
969 2250 972 2255 .
1033 2251 1036 2255 .

94 2358 106 2391 ,
129 2329 212 2397 quae
226 2329 289 2374 non
306 2306 506 2375 sentiatur.”

86 2426 113 2492 Ι.
138 2426 223 2491 Cum
242 2424 341 2509 igitur
358 2421 528 2490 Ciceronis
547 2423 704 2492 sententis
725 2423 937 2513 Philosophi·

86 2560 104 2609 c
123 2539 256 2624 scriptis
275 2536 778 2624 cjusPlrilosoplsicishaurienda
795 2539 863 2620 sic;
882 2558 938 2605 un·

86 2656 180 2724 smnio
204 2668 353 2722 constare
376 2653 492 2738 debet,
516 2656 604 2738 quod
622 2656 817 2737 consilium,
841 2676 937 2740 quem

86 2788 154 2856 um,
177 2786 310 2839 securus
330 2773 386 2840 sit.
422 2752 525 2854 Atqui
550 2788 621 2838 eum
647 2769 752 2847 fuisse
771 2773 941 2841 Academi·

86 2910 119 2970 ι,
140 2888 280 2956 dubitari
307 2887 433 2971 nequit.
477 2886 590 2972 igitur
613 2888 647 2955 in
668 2889 734 2955 iroc
756 2889 940 2957 Academici

86 3025 138 3074 sen
152 3005 257 3073 stetim
273 3005 438 3087 involant,
461 3020 493 3072 et
509 3008 728 3091 contendunt,
748 3004 940 3075 Ciceronem
1003 3086 1008 3093 ¹

86 3122 101 3188 ,Ι
122 3123 252 3190 omnino
271 3121 312 3186 de
329 3120 397 3186 ulli
417 3110 634 3193 resonuisse.
684 3106 879 3203 Enimvero,
899 3139 941 3190 cu

98 3254 147 3305 est
163 3239 306 3305 omnium
328 3236 591 3303 Academicorum
606 3250 793 3315 commune,
815 3236 855 3302 de
872 3255 949 3302 om··

86 3374 117 3420 us
145 3353 240 3420 rebus
267 3351 436 3419 dubitnrei
480 3353 665 3435 Arcesilas,
687 3350 832 3435 quiiuit
856 3352 952 3420 acere

86 3487 116 3536 rs
145 3468 330 3548 dubitator,
352 3482 464 3534 contra
492 3467 622 3536 Stoicos
643 3469 770 3551 quidem
801 3471 845 3536 ita
875 3471 944 3538 dis·

86 3585 147 3653 ebat
173 3600 209 3652 ut
239 3585 323 3652 nihil
347 3584 468 3668 percipi
491 3604 588 3670 posse
610 3585 747 3652 dicerete
776 3586 868 3652 solus
895 3602 945 3653 te·

86 3722 90 3766 l
108 3720 217 3769 secum
234 3704 354 3785 placita
373 3701 503 3768 tenebat
525 3720 557 3769 et
573 3722 646 3770 cum
663 3702 843 3786 discipulis
854 3721 945 3773 com·

86 3818 225 3885 licebatc
246 3817 311 3885 vid.
336 3818 453 3885 Cicero
476 3820 574 3887 Accd.
592 3817 637 3886 ΙΙ.
663 3820 726 3902 18,
757 3820 803 3887 ibi
826 3821 944 3890 Divis.

86 3932 235 4015 irsgment
268 3935 354 4015 apud
378 3934 600 4016 Augustinum
623 3935 747 4004 Contra
768 3938 870 4005 Acrd.
886 3939 944 4010 ΙΙΙ.

92 4052 145 4113 cui
176 4052 367 4135 adjungetur
395 4051 511 4118 Sextus
542 4052 666 4135 Empir.
689 4042 848 4137 Pyrrhum.
872 4053 944 4137 lly-

86 4177 133 4244 η).
159 4161 186 4229 1.
218 4181 271 4248 33.
311 4164 365 4233 nb
390 4165 452 4232 isti
476 4165 648 4237 dubitandi
671 4167 870 4238 vehementis
893 4182 983 4236 κο·-

845 4304 949 4369 quen·
