2362 4936
129 502 191 632 12¹0
253 538 609 630 unotnoomn'mn
628 581 678 630 nx
700 558 924 641 nutrimur

141 773 145 781 ·
173 743 352 826 Septimum
377 744 612 827 Argumentum
646 745 792 826 equidem
826 750 1030 831 probaremus

128 877 288 943 possum,
318 877 354 924 ac
380 857 480 926 verbo
500 861 676 929 ttotsudum
696 874 759 933 est.
805 861 880 932 Hoc
904 869 1030 947 eodebe

130 978 251 1049 valeret
299 1019 320 1055 „
342 973 511 1043 Essentias
535 991 638 1039 retum
657 994 727 1042 ease
744 995 930 1046 constantes
948 996 978 1048 et
994 982 1030 1050 im

70 1076 73 1083 ’
128 1089 320 1156 mutabiles:
344 1089 457 1172 atqui,
480 1087 592 1157 Animi
612 1087 794 1159 Esseutiam
816 1096 954 1176 positam
980 1116 1030 1165 ess

125 1206 162 1270 in
182 1203 405 1288 'cogitatione3
429 1224 505 1290 ergo
529 1203 596 1270 lieri
622 1224 688 1272 nou
712 1228 834 1290 posse,
858 1225 894 1279 ut
914 1213 1028 1278 Auimu

127 1338 281 1403 umquam
300 1319 687 1404 cogitatioucmumittat.
730 1321 843 1404 ltaque
856 1325 955 1407 ellici,
972 1330 1030 1397 Ani

128 1453 216 1502 mum
244 1454 314 1503 esse
342 1433 599 1502 lmmortalem.”
643 1434 754 1516 Haec,
776 1438 931 1524 iuquam,
958 1461 1029 1526 argu

46 1544 49 1552 '
129 1551 228 1618 menti
245 1548 415 1618 conclusio
430 1549 509 1614 milli
526 1569 592 1618 non
611 1552 780 1632 probatur.
821 1551 927 1637 Natu,
950 1571 982 1623 ut
996 1556 1029 1623 ui

127 1668 176 1734 liil
200 1665 304 1734 dicam
327 1669 367 1732 de
393 1665 466 1730 aliis
494 1666 640 1748 partibus
664 1685 744 1747 qtlae
768 1669 952 1755 reprehendi
972 1689 1029 1754 pos·

127 1781 319 1863 sint,Plato
334 1775 627 1869 confundit-genus
644 1796 746 1851 rerum
764 1785 1029 1858 crescentianam

126 1904 240 1981 genere
263 1912 365 1960 rerum
387 1893 600 1982 possibilium.
646 1894 796 1978 Etenim,
821 1913 858 1963 ut
875 1918 947 1981 res,
967 1915 1029 1982 quta

122 2012 296 2090 movetur,
318 2028 385 2075 non
410 2023 519 2092 potest
544 2009 682 2093 intelligi
708 2013 771 2082 nisi
789 2013 855 2095 ita,
878 2029 916 2088 ut
941 2016 1029 2080 locum

18 2131 21 2136 ’
120 2145 217 2197 suurn
246 2138 365 2205 mureti
398 2124 487 2191 nulla
515 2138 619 2191 tamen
641 2124 717 2191 hinc
741 2130 918 2194 necessitas
934 2145 1028 2207 couse-

125 2241 258 2325 quitur,
281 2254 318 2306 ut
338 2258 386 2305 res
415 2238 468 2305 illa
485 2257 611 2322 semper
630 2255 819 2321 moveatur,
840 2259 897 2309 aut
921 2257 1028 2324 semper

15 2432 20 2438 ,
120 2360 253 2425 existat.
294 2354 407 2437 ltaque
422 2356 586 2436 concedo,
610 2355 762 2423 Animum
787 2375 854 2423 non
880 2376 973 2441 posse
989 2356 1028 2420 im

119 2473 245 2557 telligi,
267 2471 332 2540 nisi
350 2470 414 2552 ita,
439 2484 475 2536 ut
493 2470 601 2551 seium:
624 2488 728 2550 neque
754 2484 859 2538 tamen
877 2485 1028 2556 propterea

119 2589 288 2668 concedo,
316 2586 392 2651 hinc
417 2586 600 2651 necessario
633 2586 814 2667 consequi,
848 2596 883 2653 ut
906 2587 1028 2653 Annua

116 2720 243 2780 semper
271 2702 380 2778 vivat,
405 2713 460 2764 aut
489 2717 613 2780 semper
640 2698 766 2771 existat.
811 2700 873 2773 Sed
890 2699 1028 2769 nimirum

116 2815 213 2890 Plato
231 2811 264 2878 in
290 2810 371 2878 hanc
395 2810 579 2894 opinionem
605 2811 677 2878 suis
695 2813 765 2894 ipse
784 2813 888 2884 initiis
904 2816 1027 2892 obsecu-

119 2947 177 2997 tus
198 2929 300 2998 venit.
343 2925 449 3001 Nam.
474 2946 574 3010 quum
604 2943 779 3010 statueret,
803 2932 890 3002 ldeas
911 2931 1027 3000 existere

118 3060 152 3111 et
167 3024 307 3110 aeternas
323 3061 415 3123 esse,
431 3061 597 3124 quumque
615 3045 750 3126 Animos
768 3048 808 3116 ad
826 3048 965 3119 idearum
980 3059 1027 3114 ut·

118 3143 222 3229 tutam
250 3161 432 3241 retulissett
456 3177 657 3241 consequens
689 3176 775 3242 erat,
807 3179 844 3228 ot
867 3174 1027 3237 statueret·

107 3277 259 3344 -nntmos
272 3295 340 3343 nou
357 3276 457 3358 magis
479 3275 547 3340 viti
566 3294 665 3357 posse
680 3277 822 3358 privari,
847 3298 880 3348 v.
896 3301 927 3347 c.
944 3281 1027 3350 trien·

119 3394 231 3475 guium
255 3392 359 3458 tribus
377 3391 533 3460 lateribus
549 3393 691 3476 privari,
716 3411 746 3469 et
773 3412 880 3472 temen
900 3398 1027 3478 triangtl·

111 3513 178 3583 lum
199 3528 336 3580 manere.
810 3492 814 3499 ’

159 3602 309 3693 Vidimus
335 3629 372 3692 de
397 3625 595 3710 philosophi
620 3627 717 3710 hujus
742 3627 941 3712 lociparte,
972 3620 1026 3708 qul

116 3744 375 3823 demonstratur,
408 3745 542 3809 Animos
570 3764 633 3808 csse
666 3742 881 3817 immortales.
932 3747 1026 3814 lllten

114 3873 212 3937 pars,
235 3858 300 3934 qut
318 3857 520 3937 ostenditur,
542 3859 650 3944 qualis
665 3861 709 3923 sit
728 3859 785 3924 ella
801 3864 973 3947 posthanc
987 3861 1025 3931 νὺ

84 3986 87 3991 ·
110 3981 185 4042 >iam
202 3979 330 4047 statur,
355 3966 500 4034 fabulose
516 3988 553 4036 ac
570 3972 696 4052 politice
716 3973 733 4036 l
750 3972 884 4041 Platone
904 3990 1026 4048 tractate

109 4100 180 4177 ως
215 4098 467 4162 pronuntiatam
494 4089 610 4166 referre
639 4091 775 4161 alienum
794 4095 845 4184 sit
868 4096 910 4167 ab
937 4099 1026 4184 hujus

976 4215 1026 4291 du
