2362 4936
60 577 123 753 ι’
314 555 794 639 erutorsomta
904 483 1068 686 Ιγ’,

105 755 225 835 scintis
244 755 377 827 niens
400 794 403 799 Α
428 752 656 843 Epistularum
689 769 875 839 normanum
901 760 1013 854 cleps,

105 878 155 945 diu
167 874 382 956 intermissae,
405 880 479 939 ante
500 889 558 940 sex
582 872 646 938 hos
665 891 768 941 annos
792 860 1011 965 instauratae,

106 993 171 1061 tatis
190 989 377 1074 frequentes
396 987 539 1056 fuerunt.
582 988 638 1055 Ad
656 1004 847 1074 postremam
866 1005 1015 1072 nostram

107 1103 303 1192 respondendi
336 1100 478 1171 officium
511 1103 747 1186 desiderantes,
778 1109 915 1192 perculit
948 1133 1020 1199 noa,

71 1220 76 1235 ‘
105 1222 189 1292 tu'stis
208 1222 248 1287 de
269 1220 344 1306 ejus
370 1216 464 1287 obitu
488 1216 644 1285 nuntiust
678 1218 825 1302 laqueet
849 1241 889 1291 eo
910 1229 1021 1312 magis·

107 1339 298 1425 inopinatus,
320 1336 414 1422 quod
430 1334 556 1418 aliquot
579 1347 654 1403 ante
679 1355 804 1405 menses
830 1357 902 1407 eum
928 1343 1016 1428 opti.

107 1470 150 1521 ne
166 1453 265 1522 cume
283 1470 326 1519 ex
357 1452 434 1536 ipso
459 1461 491 1517 et
512 1450 586 1518 aliis
611 1470 888 1537 cognoveramust
919 1474 952 1527 et
975 1481 1014 1532 co

113 1571 198 1656 tnagis
224 1567 385 1650 acerbus,
411 1566 503 1651 quod
532 1565 677 1649 optimus
706 1567 778 1652 vir,
809 1589 904 1654 quem
924 1573 1017 1659 ipsae

109 1683 209 1756 Musae
241 1684 399 1753 caedibus
430 1683 584 1750 civilibus
617 1683 864 1770 subtraxerant,
894 1705 927 1757 et
952 1710 1020 1776 sup

110 1803 172 1869 sinu
184 1800 410 1869 absconditum
431 1812 654 1883 amaverant,
670 1815 702 1869 et
718 1803 855 1872 sanitate
867 1798 1022 1893 corpori}

107 1919 144 1985 td
158 1919 266 2003 lonae
286 1935 381 2001 spem
399 1914 485 1983 citae
502 1914 709 1986 confirmasse
727 1920 940 2008 uidebantur,
964 1925 1015 2001 ins

107 2050 270 2119 exspectato
296 2031 426 2116 hepatis
454 2031 574 2100 morbo<
595 2034 694 2102 nobis
719 2051 848 2119 ereptus
879 2055 949 2109 csta
968 2056 1022 2115 ea

70 2244 73 2249 Ι
110 2163 175 2223 tanc
186 2151 325 2232 occidit,
350 2166 452 2233 quun
467 2147 614 2216 fructum
628 2150 794 2219 doctrinae
807 2171 889 2233 supe
899 2168 932 2223 ct
946 2156 1019 2239 ipss

114 2265 274 2351 pucipere,
294 2279 327 2331 et
351 2263 425 2331 aliis
448 2263 598 2333 docendo
622 2264 809 2351 impertire,
827 2271 1015 2354 coepisseta

117 2399 146 2449 ct
165 2397 236 2465 post
258 2382 421 2449 diuturnas
445 2380 643 2447 calamitates
665 2383 806 2463 aliquam
832 2385 1019 2462 facultatem

116 2511 212 2562 natms
234 2508 344 2578 esset,
366 2512 432 2579 qua
452 2492 637 2559 adventanti
655 2494 813 2560 senectuti
834 2498 1024 2577 subsidium

111 2615 355 2683 elevamentum
374 2608 590 2695 prospiceret.
639 2605 735 2675 Obiit-
750 2612 784 2685 d.
800 2631 903 2681 xxvrr
920 2616 1023 2698 Apris

111 2728 144 2796 lis
158 2731 249 2817 hujus
266 2727 367 2812 tuni,
385 2729 497 2795 aetatis
514 2727 786 2813 quinquagesimo
800 2732 929 2814 quinto.
952 2734 1020 2807 ue.

109 2843 191 2930 liquit
205 2845 307 2915 multa
322 2845 630 2911 commentariorum
641 2844 824 2913 columinaa
836 2849 875 2912 de
886 2849 1019 2919 Palaeo-

110 2963 240 3047 graph'ua
261 2964 304 3030 de
320 2961 435 3028 itinere
449 2975 481 3026 et
496 2960 750 3046 peregrinatione
767 2979 828 3029 sua
844 2982 901 3046 per
915 2961 1020 3031 Grac-

110 3076 192 3157 cun,
200 3079 360 3164 rebusque
374 3096 411 3143 ac
427 3077 645 3144 monumentis
663 3077 734 3143 ibia
745 3095 781 3144 se
790 3080 936 3161 repertis:
944 3078 1017 3147 An·

60 3178 65 3267 l
107 3194 272 3263 contiones
283 3195 509 3279 incomplures
519 3193 663 3261 Graecos
675 3194 874 3276 Scriptores:
894 3196 1016 3262 Excer·

60 3270 65 3397 i
103 3327 150 3407 pta
170 3312 423 3381 adcusariorum
442 3311 701 3380 Valesianorum.
746 3308 895 3396 Quaene
912 3310 945 3378 in
961 3312 1017 3378 heu

103 3429 202 3497 udum
228 3427 381 3495 manibus
404 3425 636 3514 pereant„sed
661 3423 798 3509 publico
818 3425 891 3489 usui
913 3426 1019 3507 vindi·
1058 3443 1063 3452 ·

60 3564 63 3633 5
104 3561 223 3613 centur:
245 3562 280 3612 et
302 3562 341 3611 ut
363 3543 449 3611 vitae
474 3544 637 3626 rebusque
664 3539 748 3621 viri,
771 3539 830 3622 qui
851 3539 1018 3609 doctrinae

60 3660 62 3665 '
104 3664 283 3731 crimmis
314 3676 434 3745 caussa
458 3660 610 3744 plurimis
636 3673 670 3725 et
695 3657 825 3735 civibus
848 3672 880 3722 et
901 3659 1020 3727 exteris

104 3771 205 3847 flebilis
217 3780 366 3860 occidit,
389 3777 530 3861 scriptor
550 3775 678 3841 doctus
694 3792 732 3840 nc
756 3772 897 3839 disertus
912 3769 1022 3838 obtin·

104 3904 167 3994 gata
187 3894 315 3964 idvero
340 3891 540 3959 vehementer
556 3903 724 3975 optamus.
767 3888 817 3954 De
834 3888 931 3954 rebus
946 3887 1023 3974 ejus

104 4019 132 4071 ct
145 4011 290 4095 septis,
313 4009 425 4076 adhuc
442 4011 519 4077 vivo
536 4008 633 4092 ipso,
658 4005 800 4089 prodidit
818 4006 935 4088 Satius
958 4026 1020 4073 no·

105 4141 160 4196 itta
178 4135 207 4205 in
229 4132 455 4204 Onomastico
483 4131 643 4203 Literario
665 4133 758 4202 Parte
775 4129 866 4219 vul.
898 4153 933 4217 p.
946 4133 1021 4215 8⁸¹·

108 4252 212 4347 -ᾼο,
243 4244 470 4326 mcccv.

942 4332 1025 4408 DE
