2362 4936
103 534 155 641 ,a
383 516 777 606 corstona

108 749 340 840 Aristophanis
355 746 662 835 frequentavimus„
689 744 782 814 Hanc
800 747 957 816 rationem
975 744 1040 833 per

108 870 273 944 biennium
293 864 470 935 tenuimus.
525 861 764 930 Temminkium
789 864 973 964 respublica
993 865 1041 931 si·

107 992 144 1059 bi
178 983 333 1055 asseruit:
364 981 461 1067 cujus
492 976 717 1064 compluribus
749 964 937 1044 muneribus
971 999 1040 1046 ma·

103 1124 171 1191 ‚gna
188 1102 222 1169 in
242 1115 425 1182 temporum
445 1094 616 1175 varietate,
641 1110 754 1176 magna
770 1089 833 1159 lide
856 1091 1034 1178 functum,

108 1237 198 1289 nunc
217 1213 316 1281 Leida
335 1225 446 1279 nostra
463 1209 553 1276 fovet
570 1209 605 1277 in
621 1207 690 1275 otio
707 1206 834 1273 literato
858 1220 890 1273 et
908 1207 965 1291 pio
987 1229 1038 1276 se.

108 1343 311 1411 neaceutem3
334 1325 486 1394 omnibus
513 1322 647 1391 literatis
672 1320 884 1406 optantibus,
908 1338 946 1391 ut
971 1323 1037 1392 He.

108 1448 237 1515 liodoro
263 1463 355 1525 suo,
376 1454 434 1508 aut
458 1440 551 1524 ipse,
573 1452 629 1505 aut
647 1456 705 1522 per
728 1436 848 1519 alium,
871 1438 1038 1522 publicam

109 1564 214 1630 lucem
231 1558 402 1642 impertiat.

153 1678 272 1758 Neque
289 1692 364 1740 vero
375 1671 508 1737 alterurn
526 1669 712 1735 reticeamus
728 1668 934 1755 sodalitium,
946 1673 1034 1754 quod

112 1813 131 1860 a
146 1791 259 1859 diebus
279 1786 554 1868 Martis,'quibus
571 1783 709 1867 singulis
726 1781 921 1866 habebatur,
945 1808 1036 1852 mar·

111 1908 194 1975 ciale
217 1901 445 1989 cognominare
467 1898 671 1979 solebamus,
703 1916 771 1964 uon
786 1897 929 1995 ,quidem
959 1901 1039 1970 illud

110 2023 209 2089 unice
225 2018 347 2087 uostris
363 2013 486 2081 Literis
501 2030 675 2095 earumque
687 2013 1039 2099 commentationibus,

111 2138 169 2205 aed
190 2136 340 2203 universe
355 2127 462 2197 doctis
480 2143 512 2194 et
536 2127 688 2212 jucundis
718 2125 1041 2198 confabulationibus

111 2251 318 2330 dicatum‚et
334 2260 535 2332 peramanter
542 2245 710 2328 iunctum:
733 2243 1039 2328 cujus‚nobiscuua

114 2366 246 2446 tribus,
268 2362 413 2446 quinque
431 2359 485 2425 alii
502 2357 635 2424 fuerunt
652 2358 794 2428 sodales.

160 2480 237 2550 Fuit
259 2479 353 2545 Fred.
376 2475 471 2543 Guil.
494 2472 669 2554 ssoersius,
692 2472 743 2538 vir
764 2475 803 2540 ad
829 2493 952 2540 omnem
979 2480 1045 2543 ele·

111 2595 250 2683 gantiam
267 2606 386 2671 natus,
410 2587 596 2654 Ruhnkenii
612 2585 715 2652 nostri
733 2587 901 2673 disciplina
920 2591 960 2656 ad
977 2613 1038 2676 po-

111 2710 252 2776 litiorem
277 2702 456 2769 Literarum
475 2702 640 2790 scientiam
658 2703 832 2786 excultus,
855 2704 961 2772 clarus
977 2709 1037 2774 do.

112 2836 166 2890 cta
180 2818 404 2902 disputatione
419 2816 470 2881 Dc
481 2814 737 2901 Anthropologla
755 2820 951 2886 Stolcorum:
971 2823 1045 2904 qui.

113 2938 178 3004 bus
203 2932 336 2999 dotibus
365 2930 502 2997 accessit
529 2930 701 3011 multiplex
728 2931 849 3014 lectio,
882 2949 913 3000 et
935 2936 1041 3002 homi·

49 3094 53 3101 ·
115 3069 216 3130 num,
239 3066 312 3113 cum
340 3044 374 3111 in
399 3044 523 3127 patria,
547 3057 615 3109 tum
644 3047 730 3128 apud
754 3061 903 3131 exteros,
934 3070 1039 3124 usus:

76 3148 80 3159 ¹
116 3166 295 3233 animorum
319 3158 522 3227 observatio:
547 3176 652 3225 sermo
678 3161 806 3229 utilium
834 3179 865 3230 et
886 3168 1045 3251 jucunda·

114 3298 186 3346 runt
208 3295 313 3344 rerum
333 3273 634 3343 commemoratione
657 3272 837 3360 frequens,
862 3279 942 3346 idem
971 3302 1045 3365 per·

115 3393 262 3475 facetus,
294 3391 366 3458 aine
391 3389 571 3456 offensione
598 3405 630 3455 et
655 3390 851 3459 acerbitate:
883 3394 986 3463 immo
1010 3398 1044 3466 in

68 3514 72 3521 '
116 3509 205 3574 omni
232 3523 411 3591 congressu
426 3503 623 3586 urbanitas,
647 3519 677 3570 et
706 3525 780 3571 cum
809 3506 1045 3577 benivolentiae

115 3617 354 3704 significatione
376 3620 568 3689 amabilitas.
613 3613 823 3688 Difficillimis
847 3623 1042 3706 reipublicae

116 3732 305 3800 muneribus
319 3750 354 3798 ac
371 3734 511 3817 negotiis
530 3754 727 3820 magnacum
743 3736 836 3803 laude
853 3754 1044 3822 spectatus,

115 3846 282 3916 communi
308 3864 411 3911 rerum
440 3851 651 3945 conversione
677 3852 836 3934 afflictus,
859 3867 1045 3936 temporum

120 3961 322 4049 iniquitatem
357 3977 416 4027 aua
439 3957 511 4050 ipse
535 3968 717 4037 constantia
738 3968 837 4039 vicita
869 3988 955 4037 nunc
980 3969 1050 4034 ani·

624 4100 630 4111 ’
959 4102 1052 4154 mum
