2362 4936
205 588 233 669 q
494 567 864 688 crisconii

214 764 304 836 domi
328 766 438 849 legens
478 766 686 847 relegensque
707 763 895 846 Platonem,
926 778 1087 836 csetemtn
1105 768 1141 838 in

209 883 469 973 Jurisprudentia
481 899 609 966 operam
628 881 709 948 dans
729 881 857 963 craso,
880 881 913 947 in
928 882 1144 970 Philosophia

212 997 423 1078 Swindenio,
454 995 642 1062 clarissimis
674 1013 778 1079 nuper
813 995 893 1062 meis
920 998 1079 1083 collegis,
1111 1014 1146 1067 et

211 1112 343 1194 utrique
359 1130 436 1178 cum
452 1111 609 1178 Athenaei
624 1094 954 1196 Amstelodamcnsis‚
976 1126 1048 1180 tum
1061 1135 1142 1184 suae

212 1233 563 1318 disciplinae,doc-tori
576 1232 794 1304 celeberrimo.
819 1234 907 1302 Tum
926 1234 1143 1324 ipseLugdu·

211 1365 289 1415 num
310 1351 349 1415 ad
364 1367 426 1416 nos
444 1348 576 1417 venisti.
1079 1341 1081 1345 ’

256 1463 344 1530 Mihi
365 1481 463 1547 vero,
486 1466 532 1530 mi
555 1463 709 1549 Heusde,
732 1483 833 1550 quum
852 1478 1033 1551 temporum
1052 1484 1142 1536 meo·

214 1597 287 1645 rum
306 1578 442 1646 varietas
459 1593 491 1645 et
507 1578 658 1646 stationis
675 1580 909 1663 commutatio,
932 1584 1033 1647 multa
1045 1585 1144 1666 ἄβού·

89 1744 96 1749 -
214 1712 298 1777 nm
314 1696 483 1779 attulerit,
505 1715 587 1781 quae
602 1716 691 1764 nunc
717 1716 842 1765 narrare
857 1697 905 1764 nil
925 1700 1062 1766 attinet:
1084 1705 1144 1779 riq

214 1815 277 1896 riq
303 1815 336 1883 ir
359 1813 442 1900 piru
465 1816 543 1897 σιγῶ
564 1815 693 1899 rixae,
714 1813 788 1884 κατ’
803 1818 980 1900 Εὐριπίδην·
1004 1819 1099 1902 cujus
1116 1830 1149 1882 et

215 1929 280 1997 hoc
304 1930 383 1996 mihi
406 1932 565 2016 subjicere
590 1932 704 2015 soleo,
723 1929 779 2001 'si
795 1933 904 2002 sirum
918 1935 992 2013 nien
1011 1942 1070 2003 τῶν
1087 1961 1147 2004 aa·

212 2055 293 2127 κῶν,
315 2051 355 2126 ὥς
378 2046 410 2119 εἴ
430 2050 512 2136 σοφή
529 2066 593 2100 -·
615 2048 650 2115 in
675 2047 727 2114 his
751 2047 852 2133 igitur
878 2025 974 2114 unice
992 2069 1042 2115 me
1066 2069 1147 2116 con·

214 2163 342 2229 solatur
356 2161 556 2231 conscientia
574 2177 660 2229 recte
680 2162 862 2244 factorum,
886 2167 1004 2234 servati
1024 2167 1147 2248 officii,

213 2295 248 2350 et
272 2283 439 2350 restitutae
462 2281 497 2349 in
522 2283 581 2348 hac
609 2295 722 2349 nostra
748 2281 925 2349 Academia
954 2282 1149 2364 disciptinae

113 2462 116 2470 .
215 2397 424 2484 Literarum,
447 2416 529 2487 quae
551 2400 614 2484 jam
639 2416 698 2485 per
719 2400 845 2482 aliquot
869 2417 972 2466 annos
987 2413 1150 2481 prostrata

211 2517 370 2606 Jncuerct.
413 2515 627 2598 Disciplinam
659 2515 734 2580 dico
764 2517 915 2592 scholas,
944 2513 1148 2593 discipulos,

222 2635 409 2711 horumque
426 2629 532 2695 studia
549 2641 580 2694 et
598 2644 809 2712 progressus:
833 2644 916 2706 quae
930 2643 998 2692 non
1012 2642 1149 2693 numero

218 2764 418 2828 censentur,
441 2745 497 2810 sed
513 2742 673 2826 pondere:
697 2759 891 2824 quamquam
919 2757 951 2806 et
972 2760 1148 2827 numerus,

217 2882 283 2949 pro
303 2863 404 2946 hujus
428 2857 549 2926 sacculi
574 2855 729 2941 ingenio,
747 2853 928 2941 probabilis
945 2871 1006 2924 est.
1049 2857 1096 2923 Et
1108 2860 1149 2929 in

220 2978 297 3059 itis,
320 2976 377 3060 qui
393 2975 534 3060 pondere
549 2986 761 3054 censeantur,
784 2972 957 3057 discipulis
982 2972 1037 3039 Tu
1061 2995 1146 3057 quo·

217 3113 283 3180 que
310 3090 478 3176 inprimis
503 3089 584 3156 mihi
611 3107 671 3171 es,
693 3089 739 3156 mi
754 3089 900 3158 Heusde.
946 3090 1008 3158 Sed
1024 3091 1150 3159 Litera·

217 3226 290 3276 rum
318 3206 458 3273 studiosi
479 3203 534 3271 alii
562 3204 651 3272 aliud
681 3205 888 3289 propositum
916 3206 1060 3275 habent:
1092 3210 1151 3276 alii

219 3343 295 3406 cas,
321 3337 359 3389 ut
381 3323 599 3407 adjumentum
626 3319 760 3389 aliarum
786 3324 1029 3406 doctrinarum,
1057 3326 1149 3391 adhi·

217 3445 320 3512 bent:
341 3439 394 3507 aiii
409 3439 449 3506 ad
466 3438 585 3523 ingenii
607 3453 779 3506 ornatumr
800 3441 856 3506 alii
879 3443 919 3507 ad
938 3441 1039 3507 animi
1056 3443 1146 3508 oble-

215 3556 415 3624 ctationem:
439 3555 494 3621 aiii
522 3553 583 3621 alia
607 3555 648 3621 de
675 3573 814 3623 caussae
846 3557 1039 3639 paucissimi
1064 3557 1151 3641 ipsa-

216 3690 291 3739 rum
311 3672 407 3738 unice
426 3689 538 3738 caussa
556 3684 589 3736 et
604 3689 730 3753 rmore,
752 3685 784 3736 et
814 3685 851 3736 ut
871 3674 905 3738 in
920 3672 1061 3755 ipsarum
1079 3689 1151 3739 stu·

150 3792 157 3801 ‘
219 3786 276 3854 dio
303 3789 387 3853 vitae
413 3785 615 3853 tabernacula
642 3799 781 3869 ponant.
824 3784 887 3851 His
903 3787 1050 3867 equidem
1067 3805 1150 3852 sem-

221 3919 278 3984 pcr
299 3901 391 3966 solco
415 3916 530 3967 auctor
543 3918 636 3983 csse,
660 3915 697 3965 ut
716 3900 822 3967 studia
837 3901 1150 3985 adolescentiamque

220 4034 317 4103 suam.
332 4016 442 4101 aliquo
459 4018 586 4101 scripto
601 4017 637 4083 in
654 4000 808 4102 optimam
826 4034 949 4102 partem
969 3995 1145 4087 ad'civium

221 4132 371 4204 notitiam
404 4133 640 4203 commendent.
702 4131 802 4218 Quod
830 4147 863 4200 et
896 4134 1069 4203 Ciceronis
1097 4150 1148 4202 cst

1055 4271 1148 4339 proc·
