<?xml version="1.0" encoding="UTF-8"?>
<!DOCTYPE html PUBLIC "-//W3C//DTD XHTML 1.0 Transitional//EN"
    "http://www.w3.org/TR/xhtml1/DTD/xhtml1-transitional.dtd">
<html xmlns="http://www.w3.org/1999/xhtml" xml:lang="en" lang="en">
 <head>
  <title>
</title>
<meta http-equiv="Content-Type" content="text/html;charset=utf-8" />
  <meta name='ocr-system' content='tesseract 3.04.00' />
  <meta name='ocr-capabilities' content='ocr_page ocr_carea ocr_par ocr_line ocrx_word'/>
</head>
<body>
  <div class='ocr_page' id='page_1' title='image "./opusculavariiar00wyttgoog/opusculavariiar00wyttgoog_0173.png"; bbox 0 0 2362 4936; ppageno 0'>
   <div class='ocr_carea' id='block_1_1' title="bbox 119 588 776 680">
    <p class='ocr_par' dir='ltr' id='par_1_1' title="bbox 119 588 776 680">
     <span class='ocr_line' id='line_1_1' title="bbox 119 588 776 680; baseline 0.002 -14"><span class='ocrx_word' id='word_1_1' title='bbox 119 610 186 680; x_wconf 66' lang='lat'><strong>170</strong></span> <span class='ocrx_word' id='word_1_2' title='bbox 396 588 776 667; x_wconf 76' lang='lat' dir='ltr'>EPISTOLA</span> 
     </span>
    </p>
   </div>
   <div class='ocr_carea' id='block_1_2' title="bbox 33 776 985 4342">
    <p class='ocr_par' dir='ltr' id='par_1_2' title="bbox 33 776 985 4342">
     <span class='ocr_line' id='line_1_2' title="bbox 118 776 985 872; baseline 0.003 -22"><span class='ocrx_word' id='word_1_3' title='bbox 118 780 228 850; x_wconf 84' lang='lat' dir='ltr'><strong>merlis</strong></span> <span class='ocrx_word' id='word_1_4' title='bbox 255 776 393 846; x_wconf 87' lang='lat' dir='ltr'><strong>tenebris</strong></span> <span class='ocrx_word' id='word_1_5' title='bbox 417 793 448 843; x_wconf 86' lang='lat' dir='ltr'><strong>et</strong></span> <span class='ocrx_word' id='word_1_6' title='bbox 475 778 595 845; x_wconf 86' lang='lat' dir='ltr'><strong>boreali</strong></span> <span class='ocrx_word' id='word_1_7' title='bbox 614 779 716 866; x_wconf 80' lang='lat' dir='ltr'><strong>glacie</strong></span> <span class='ocrx_word' id='word_1_8' title='bbox 738 796 950 870; x_wconf 86' lang='lat' dir='ltr'><strong>concretum,</strong></span> <span class='ocrx_word' id='word_1_9' title='bbox 974 810 985 872; x_wconf 76' lang='lat'>1</span> 
     </span>
     <span class='ocr_line' id='line_1_3' title="bbox 115 900 985 984; baseline 0.001 -13"><span class='ocrx_word' id='word_1_10' title='bbox 115 905 255 971; x_wconf 80' lang='lat' dir='ltr'><strong>tuleratt</strong></span> <span class='ocrx_word' id='word_1_11' title='bbox 280 900 375 982; x_wconf 76' lang='lat' dir='ltr'><strong>quasi</strong></span> <span class='ocrx_word' id='word_1_12' title='bbox 395 903 465 983; x_wconf 76' lang='lat' dir='ltr'><strong>eius</strong></span> <span class='ocrx_word' id='word_1_13' title='bbox 490 901 652 984; x_wconf 78' lang='lat' dir='ltr'><strong>ingenium</strong></span> <span class='ocrx_word' id='word_1_14' title='bbox 670 902 737 970; x_wconf 89' lang='lat' dir='ltr'><strong>isto</strong></span> <span class='ocrx_word' id='word_1_15' title='bbox 756 907 878 972; x_wconf 87' lang='lat' dir='ltr'><strong>semine</strong></span> <span class='ocrx_word' id='word_1_16' title='bbox 902 912 985 976; x_wconf 70' lang='lat' dir='ltr'><strong>inlia:</strong></span> 
     </span>
     <span class='ocr_line' id='line_1_4' title="bbox 116 1017 945 1099; baseline 0.001 -11"><span class='ocrx_word' id='word_1_17' title='bbox 116 1021 234 1088; x_wconf 83' lang='lat' dir='ltr'><strong>Iloreas</strong></span> <span class='ocrx_word' id='word_1_18' title='bbox 266 1017 321 1084; x_wconf 91' lang='lat' dir='ltr'><strong>llle</strong></span> <span class='ocrx_word' id='word_1_19' title='bbox 354 1017 462 1084; x_wconf 83' lang='lat' dir='ltr'><strong>dietus</strong></span> <span class='ocrx_word' id='word_1_20' title='bbox 491 1028 591 1099; x_wconf 87' lang='lat' dir='ltr'><strong>equas</strong></span> <span class='ocrx_word' id='word_1_21' title='bbox 619 1020 725 1090; x_wconf 84' lang='lat' dir='ltr'><strong>afflatu</strong></span> <span class='ocrx_word' id='word_1_22' title='bbox 762 1019 945 1093; x_wconf 84' lang='lat' dir='ltr'><strong>fecundare.</strong></span> 
     </span>
     <span class='ocr_line' id='line_1_5' title="bbox 114 1132 969 1223; baseline 0.006 -23"><span class='ocrx_word' id='word_1_23' title='bbox 114 1135 228 1220; x_wconf 89' lang='lat' dir='ltr'><strong>prouti</strong></span> <span class='ocrx_word' id='word_1_24' title='bbox 247 1133 339 1202; x_wconf 84' lang='lat' dir='ltr'><strong>lxion</strong></span> <span class='ocrx_word' id='word_1_25' title='bbox 356 1150 463 1199; x_wconf 76' lang='lat' dir='ltr'><strong>rmore</strong></span> <span class='ocrx_word' id='word_1_26' title='bbox 476 1132 639 1216; x_wconf 84' lang='lat' dir='ltr'><strong>Junonis,</strong></span> <span class='ocrx_word' id='word_1_27' title='bbox 663 1136 787 1220; x_wconf 83' lang='lat' dir='ltr'><strong>reginae</strong></span> <span class='ocrx_word' id='word_1_28' title='bbox 806 1144 969 1223; x_wconf 74' lang='lat' dir='ltr'><strong>beorum,</strong></span> 
     </span>
     <span class='ocr_line' id='line_1_6' title="bbox 114 1247 985 1336; baseline 0.011 -20"><span class='ocrx_word' id='word_1_29' title='bbox 114 1265 214 1336; x_wconf 84' lang='lat' dir='ltr'><strong>ptus,</strong></span> <span class='ocrx_word' id='word_1_30' title='bbox 236 1249 275 1314; x_wconf 91' lang='lat' dir='ltr'><strong>ab</strong></span> <span class='ocrx_word' id='word_1_31' title='bbox 296 1251 399 1329; x_wconf 81' lang='lat' dir='ltr'><strong>elque</strong></span> <span class='ocrx_word' id='word_1_32' title='bbox 415 1247 527 1316; x_wconf 86' lang='lat' dir='ltr'><strong>elusus</strong></span> <span class='ocrx_word' id='word_1_33' title='bbox 546 1250 672 1333; x_wconf 84' lang='lat' dir='ltr'><strong>objecta</strong></span> <span class='ocrx_word' id='word_1_34' title='bbox 692 1253 778 1318; x_wconf 91' lang='lat' dir='ltr'><strong>nube</strong></span> <span class='ocrx_word' id='word_1_35' title='bbox 796 1253 900 1334; x_wconf 88' lang='lat' dir='ltr'><strong>ipsius</strong></span> <span class='ocrx_word' id='word_1_36' title='bbox 918 1260 985 1325; x_wconf 80' lang='lat' dir='ltr'><strong>dea&lt;</strong></span> 
     </span>
     <span class='ocr_line' id='line_1_7' title="bbox 115 1361 985 1451; baseline 0.005 -19"><span class='ocrx_word' id='word_1_37' title='bbox 115 1367 284 1451; x_wconf 85' lang='lat' dir='ltr'><strong>imaginem</strong></span> <span class='ocrx_word' id='word_1_38' title='bbox 300 1361 505 1432; x_wconf 76' lang='lat' dir='ltr'><strong>conformati</strong></span> <span class='ocrx_word' id='word_1_39' title='bbox 517 1410 529 1445; x_wconf 88' lang='lat'>,</span> <span class='ocrx_word' id='word_1_40' title='bbox 542 1383 614 1429; x_wconf 91' lang='lat' dir='ltr'><strong>eum</strong></span> <span class='ocrx_word' id='word_1_41' title='bbox 631 1369 668 1434; x_wconf 80' lang='lat' dir='ltr'><strong>el</strong></span> <span class='ocrx_word' id='word_1_42' title='bbox 687 1385 884 1450; x_wconf 81' lang='lat' dir='ltr'><strong>congressus</strong></span> <span class='ocrx_word' id='word_1_43' title='bbox 902 1373 985 1440; x_wconf 86' lang='lat' dir='ltr'><strong>Cenr</strong></span> 
     </span>
     <span class='ocr_line' id='line_1_8' title="bbox 116 1476 980 1563; baseline 0.01 -19"><span class='ocrx_word' id='word_1_44' title='bbox 116 1497 173 1546; x_wconf 91' lang='lat' dir='ltr'><strong>ros</strong></span> <span class='ocrx_word' id='word_1_45' title='bbox 191 1476 330 1563; x_wconf 81' lang='lat' dir='ltr'><strong>genuit,</strong></span> <span class='ocrx_word' id='word_1_46' title='bbox 354 1492 472 1544; x_wconf 88' lang='lat' dir='ltr'><strong>cuncta</strong></span> <span class='ocrx_word' id='word_1_47' title='bbox 491 1478 722 1545; x_wconf 83' lang='lat' dir='ltr'><strong>transsilientes</strong></span> <span class='ocrx_word' id='word_1_48' title='bbox 742 1497 773 1546; x_wconf 91' lang='lat' dir='ltr'><strong>et</strong></span> <span class='ocrx_word' id='word_1_49' title='bbox 792 1481 980 1552; x_wconf 80' lang='lat' dir='ltr'>Thessaliae</span> 
     </span>
     <span class='ocr_line' id='line_1_9' title="bbox 120 1593 985 1680; baseline 0.006 -21"><span class='ocrx_word' id='word_1_50' title='bbox 120 1611 221 1680; x_wconf 84' lang='lat' dir='ltr'><strong>getem</strong></span> <span class='ocrx_word' id='word_1_51' title='bbox 248 1594 499 1661; x_wconf 71' lang='lat' dir='ltr'><strong>conculcantes:</strong></span> <span class='ocrx_word' id='word_1_52' title='bbox 525 1593 574 1658; x_wconf 88' lang='lat' dir='ltr'><strong>sic</strong></span> <span class='ocrx_word' id='word_1_53' title='bbox 589 1593 725 1659; x_wconf 90' lang='lat' dir='ltr'><strong>Kantius</strong></span> <span class='ocrx_word' id='word_1_54' title='bbox 744 1595 949 1666; x_wconf 82' lang='lat' dir='ltr'><strong>scientiarum</strong></span> <span class='ocrx_word' id='word_1_55' title='bbox 966 1623 985 1666; x_wconf 85' lang='lat' dir='ltr'><strong>n</strong></span> 
     </span>
     <span class='ocr_line' id='line_1_10' title="bbox 118 1709 984 1798; baseline 0.009 -20"><span class='ocrx_word' id='word_1_56' title='bbox 118 1730 191 1778; x_wconf 81' lang='lat' dir='ltr'><strong>nam</strong></span> <span class='ocrx_word' id='word_1_57' title='bbox 207 1710 373 1791; x_wconf 74' lang='lat' dir='ltr'><strong>deperiens</strong></span> <span class='ocrx_word' id='word_1_58' title='bbox 387 1709 664 1793; x_wconf 87' lang='lat' dir='ltr'><strong>Metaphysieam,</strong></span> <span class='ocrx_word' id='word_1_59' title='bbox 678 1711 717 1778; x_wconf 90' lang='lat' dir='ltr'><strong>ab</strong></span> <span class='ocrx_word' id='word_1_60' title='bbox 735 1730 770 1776; x_wconf 86' lang='lat' dir='ltr'><strong>ea</strong></span> <span class='ocrx_word' id='word_1_61' title='bbox 784 1711 939 1798; x_wconf 83' lang='lat' dir='ltr'><strong>deceptus</strong></span> <span class='ocrx_word' id='word_1_62' title='bbox 956 1718 984 1786; x_wconf 89' lang='lat' dir='ltr'>C</span> 
     </span>
     <span class='ocr_line' id='line_1_11' title="bbox 33 1822 985 1911; baseline 0.011 -25"><span class='ocrx_word' id='word_1_63' title='bbox 33 1882 35 1886; x_wconf 20' lang='lat' dir='ltr'><strong>r</strong></span> <span class='ocrx_word' id='word_1_64' title='bbox 116 1824 215 1890; x_wconf 78' lang='lat' dir='ltr'><strong>meria</strong></span> <span class='ocrx_word' id='word_1_65' title='bbox 226 1823 384 1907; x_wconf 79' lang='lat' dir='ltr'><strong>caligine,</strong></span> <span class='ocrx_word' id='word_1_66' title='bbox 398 1841 464 1888; x_wconf 91' lang='lat' dir='ltr'><strong>eam</strong></span> <span class='ocrx_word' id='word_1_67' title='bbox 476 1822 716 1906; x_wconf 84' lang='lat' dir='ltr'><strong>iniens,genus</strong></span> <span class='ocrx_word' id='word_1_68' title='bbox 735 1824 888 1893; x_wconf 84' lang='lat' dir='ltr'><strong>scientiae</strong></span> <span class='ocrx_word' id='word_1_69' title='bbox 901 1849 985 1911; x_wconf 79' lang='lat' dir='ltr'><strong>procl</strong></span> 
     </span>
     <span class='ocr_line' id='line_1_12' title="bbox 115 1938 985 2025; baseline 0 -16"><span class='ocrx_word' id='word_1_70' title='bbox 115 1944 164 2009; x_wconf 82' lang='lat' dir='ltr'><strong>vit</strong></span> <span class='ocrx_word' id='word_1_71' title='bbox 193 1941 449 2022; x_wconf 81' lang='lat' dir='ltr'><strong>Centauricum,</strong></span> <span class='ocrx_word' id='word_1_72' title='bbox 477 1938 776 2009; x_wconf 68' lang='lat' dir='ltr'><strong>transcendentem</strong></span> <span class='ocrx_word' id='word_1_73' title='bbox 798 1944 985 2025; x_wconf 86' lang='lat' dir='ltr'><strong>appellitatu</strong></span> 
     </span>
     <span class='ocr_line' id='line_1_13' title="bbox 115 2051 985 2140; baseline -0.003 -13"><span class='ocrx_word' id='word_1_74' title='bbox 115 2057 291 2140; x_wconf 80' lang='lat' dir='ltr'><strong>sepimenta</strong></span> <span class='ocrx_word' id='word_1_75' title='bbox 315 2055 436 2139; x_wconf 88' lang='lat' dir='ltr'><strong>prioris</strong></span> <span class='ocrx_word' id='word_1_76' title='bbox 452 2051 681 2136; x_wconf 78' lang='lat' dir='ltr'><strong>Philosophiae</strong></span> <span class='ocrx_word' id='word_1_77' title='bbox 701 2056 926 2139; x_wconf 83' lang='lat' dir='ltr'><strong>transsiliens,</strong></span> <span class='ocrx_word' id='word_1_78' title='bbox 947 2061 985 2125; x_wconf 81' lang='lat' dir='ltr'><strong>vir</strong></span> 
     </span>
     <span class='ocr_line' id='line_1_14' title="bbox 115 2172 985 2260; baseline -0.002 -17"><span class='ocrx_word' id='word_1_79' title='bbox 115 2177 326 2260; x_wconf 84' lang='lat' dir='ltr'><strong>fructumque</strong></span> <span class='ocrx_word' id='word_1_80' title='bbox 346 2191 489 2245; x_wconf 83' lang='lat' dir='ltr'><strong>vastans.</strong></span> <span class='ocrx_word' id='word_1_81' title='bbox 523 2174 613 2242; x_wconf 85' lang='lat' dir='ltr'><strong>Pater</strong></span> <span class='ocrx_word' id='word_1_82' title='bbox 630 2193 726 2243; x_wconf 89' lang='lat' dir='ltr'><strong>suum</strong></span> <span class='ocrx_word' id='word_1_83' title='bbox 737 2172 860 2243; x_wconf 81' lang='lat' dir='ltr'><strong>foetum</strong></span> <span class='ocrx_word' id='word_1_84' title='bbox 876 2176 909 2242; x_wconf 92' lang='lat' dir='ltr'><strong>in</strong></span> <span class='ocrx_word' id='word_1_85' title='bbox 925 2177 985 2241; x_wconf 88' lang='lat' dir='ltr'><strong>libr</strong></span> 
     </span>
     <span class='ocr_line' id='line_1_15' title="bbox 115 2291 985 2376; baseline -0.006 -15"><span class='ocrx_word' id='word_1_86' title='bbox 115 2292 309 2376; x_wconf 84' lang='lat' dir='ltr'><strong>includens,</strong></span> <span class='ocrx_word' id='word_1_87' title='bbox 330 2310 385 2374; x_wconf 89' lang='lat' dir='ltr'><strong>et,</strong></span> <span class='ocrx_word' id='word_1_88' title='bbox 416 2308 579 2375; x_wconf 90' lang='lat' dir='ltr'><strong>tamquam</strong></span> <span class='ocrx_word' id='word_1_89' title='bbox 605 2292 767 2365; x_wconf 82' lang='lat' dir='ltr'><strong>Pandorae</strong></span> <span class='ocrx_word' id='word_1_90' title='bbox 791 2291 937 2373; x_wconf 87' lang='lat' dir='ltr'><strong>dolium,</strong></span> <span class='ocrx_word' id='word_1_91' title='bbox 967 2311 985 2374; x_wconf 86' lang='lat' dir='ltr'><strong>p</strong></span> 
     </span>
     <span class='ocr_line' id='line_1_16' title="bbox 115 2409 985 2494; baseline -0.002 -18"><span class='ocrx_word' id='word_1_92' title='bbox 115 2429 267 2494; x_wconf 84' lang='lat' dir='ltr'><strong>ponens,</strong></span> <span class='ocrx_word' id='word_1_93' title='bbox 290 2430 357 2480; x_wconf 91' lang='lat' dir='ltr'><strong>non</strong></span> <span class='ocrx_word' id='word_1_94' title='bbox 375 2410 567 2492; x_wconf 87' lang='lat' dir='ltr'><strong>dubitabat,</strong></span> <span class='ocrx_word' id='word_1_95' title='bbox 590 2410 622 2476; x_wconf 90' lang='lat' dir='ltr'><strong>id</strong></span> <span class='ocrx_word' id='word_1_96' title='bbox 641 2428 699 2474; x_wconf 87' lang='lat' dir='ltr'><strong>sua</strong></span> <span class='ocrx_word' id='word_1_97' title='bbox 716 2409 824 2491; x_wconf 89' lang='lat' dir='ltr'><strong>ipsum</strong></span> <span class='ocrx_word' id='word_1_98' title='bbox 851 2410 985 2476; x_wconf 89' lang='lat' dir='ltr'><strong>admirab</strong></span> 
     </span>
     <span class='ocr_line' id='line_1_17' title="bbox 113 2526 985 2610; baseline -0.005 -18"><span class='ocrx_word' id='word_1_99' title='bbox 113 2540 181 2592; x_wconf 90' lang='lat' dir='ltr'><strong>tate</strong></span> <span class='ocrx_word' id='word_1_100' title='bbox 213 2526 515 2610; x_wconf 84' lang='lat' dir='ltr'><strong>philosophantium</strong></span> <span class='ocrx_word' id='word_1_101' title='bbox 545 2541 577 2593; x_wconf 88' lang='lat' dir='ltr'><strong>et</strong></span> <span class='ocrx_word' id='word_1_102' title='bbox 604 2539 725 2591; x_wconf 89' lang='lat' dir='ltr'><strong>mentes</strong></span> <span class='ocrx_word' id='word_1_103' title='bbox 752 2526 784 2593; x_wconf 90' lang='lat' dir='ltr'><strong>in</strong></span> <span class='ocrx_word' id='word_1_104' title='bbox 809 2546 844 2593; x_wconf 85' lang='lat' dir='ltr'><strong>se</strong></span> <span class='ocrx_word' id='word_1_105' title='bbox 867 2544 985 2593; x_wconf 85' lang='lat' dir='ltr'><strong>conver</strong></span> 
     </span>
     <span class='ocr_line' id='line_1_18' title="bbox 114 2646 985 2727; baseline -0.002 -13"><span class='ocrx_word' id='word_1_106' title='bbox 114 2667 207 2727; x_wconf 88' lang='lat' dir='ltr'><strong>rum,</strong></span> <span class='ocrx_word' id='word_1_107' title='bbox 231 2662 262 2712; x_wconf 94' lang='lat' dir='ltr'><strong>et</strong></span> <span class='ocrx_word' id='word_1_108' title='bbox 282 2649 387 2712; x_wconf 88' lang='lat' dir='ltr'><strong>studia</strong></span> <span class='ocrx_word' id='word_1_109' title='bbox 415 2646 477 2711; x_wconf 89' lang='lat' dir='ltr'><strong>sibi</strong></span> <span class='ocrx_word' id='word_1_110' title='bbox 496 2648 759 2717; x_wconf 89' lang='lat' dir='ltr'><strong>conciliaturum.</strong></span> <span class='ocrx_word' id='word_1_111' title='bbox 806 2653 897 2716; x_wconf 80' lang='lat' dir='ltr'><strong>Avus</strong></span> <span class='ocrx_word' id='word_1_112' title='bbox 921 2646 985 2713; x_wconf 86' lang='lat' dir='ltr'><strong>bor</strong></span> 
     </span>
     <span class='ocr_line' id='line_1_19' title="bbox 113 2767 985 2850; baseline -0.002 -14"><span class='ocrx_word' id='word_1_113' title='bbox 113 2769 280 2850; x_wconf 74' lang='lat' dir='ltr'><strong>adspirans</strong></span> <span class='ocrx_word' id='word_1_114' title='bbox 305 2767 452 2849; x_wconf 86' lang='lat' dir='ltr'><strong>coeptis,</strong></span> <span class='ocrx_word' id='word_1_115' title='bbox 475 2768 598 2834; x_wconf 88' lang='lat' dir='ltr'><strong>dolium</strong></span> <span class='ocrx_word' id='word_1_116' title='bbox 618 2769 775 2847; x_wconf 85' lang='lat' dir='ltr'><strong>sustulit,</strong></span> <span class='ocrx_word' id='word_1_117' title='bbox 801 2771 951 2834; x_wconf 81' lang='lat' dir='ltr'><strong>adversus</strong></span> <span class='ocrx_word' id='word_1_118' title='bbox 978 2771 985 2833; x_wconf 77' lang='lat'>2</span> 
     </span>
     <span class='ocr_line' id='line_1_20' title="bbox 113 2882 972 2970; baseline 0.001 -21"><span class='ocrx_word' id='word_1_119' title='bbox 113 2886 255 2970; x_wconf 86' lang='lat' dir='ltr'><strong>phyrum</strong></span> <span class='ocrx_word' id='word_1_120' title='bbox 282 2882 515 2965; x_wconf 59' lang='lat' dir='ltr'><strong>conflicturum</strong></span> <span class='ocrx_word' id='word_1_121' title='bbox 548 2883 577 2950; x_wconf 91' lang='lat' dir='ltr'><strong>si</strong></span> <span class='ocrx_word' id='word_1_122' title='bbox 606 2883 690 2951; x_wconf 88' lang='lat' dir='ltr'><strong>forte</strong></span> <span class='ocrx_word' id='word_1_123' title='bbox 721 2885 883 2952; x_wconf 79' lang='lat' dir='ltr'><strong>beatarum</strong></span> <span class='ocrx_word' id='word_1_124' title='bbox 910 2886 972 2952; x_wconf 92' lang='lat' dir='ltr'><strong>sub</strong></span> 
     </span>
     <span class='ocr_line' id='line_1_21' title="bbox 111 3000 985 3084; baseline -0.002 -15"><span class='ocrx_word' id='word_1_125' title='bbox 111 3002 248 3069; x_wconf 88' lang='lat' dir='ltr'><strong>sitarum</strong></span> <span class='ocrx_word' id='word_1_126' title='bbox 275 3001 442 3084; x_wconf 82' lang='lat' dir='ltr'><strong>regionum</strong></span> <span class='ocrx_word' id='word_1_127' title='bbox 469 3015 609 3083; x_wconf 86' lang='lat' dir='ltr'><strong>teporem</strong></span> <span class='ocrx_word' id='word_1_128' title='bbox 634 3002 808 3083; x_wconf 82' lang='lat' dir='ltr'><strong>floremque</strong></span> <span class='ocrx_word' id='word_1_129' title='bbox 833 3000 985 3068; x_wconf 87' lang='lat' dir='ltr'><strong>arefacere</strong></span> 
     </span>
     <span class='ocr_line' id='line_1_22' title="bbox 111 3115 985 3202; baseline 0.001 -23"><span class='ocrx_word' id='word_1_130' title='bbox 111 3116 248 3202; x_wconf 72' lang='lat' dir='ltr'><strong>glacians</strong></span> <span class='ocrx_word' id='word_1_131' title='bbox 269 3130 399 3198; x_wconf 80' lang='lat' dir='ltr'><strong>posset:</strong></span> <span class='ocrx_word' id='word_1_132' title='bbox 424 3129 455 3181; x_wconf 89' lang='lat' dir='ltr'><strong>et</strong></span> <span class='ocrx_word' id='word_1_133' title='bbox 481 3133 578 3198; x_wconf 86' lang='lat' dir='ltr'><strong>supra</strong></span> <span class='ocrx_word' id='word_1_134' title='bbox 603 3115 806 3183; x_wconf 87' lang='lat' dir='ltr'><strong>Germaniam</strong></span> <span class='ocrx_word' id='word_1_135' title='bbox 836 3117 985 3183; x_wconf 72' lang='lat' dir='ltr'><strong>transvola</strong></span> 
     </span>
     <span class='ocr_line' id='line_1_23' title="bbox 111 3227 985 3318; baseline 0 -24"><span class='ocrx_word' id='word_1_136' title='bbox 111 3227 147 3296; x_wconf 92' lang='lat' dir='ltr'><strong>in</strong></span> <span class='ocrx_word' id='word_1_137' title='bbox 161 3227 331 3295; x_wconf 86' lang='lat' dir='ltr'><strong>Saxoniam</strong></span> <span class='ocrx_word' id='word_1_138' title='bbox 346 3229 470 3297; x_wconf 92' lang='lat' dir='ltr'><strong>dolium</strong></span> <span class='ocrx_word' id='word_1_139' title='bbox 489 3229 616 3316; x_wconf 84' lang='lat' dir='ltr'><strong>dejecit.</strong></span> <span class='ocrx_word' id='word_1_140' title='bbox 659 3228 760 3318; x_wconf 87' lang='lat' dir='ltr'><strong>Quod</strong></span> <span class='ocrx_word' id='word_1_141' title='bbox 778 3230 823 3296; x_wconf 90' lang='lat' dir='ltr'><strong>ibi</strong></span> <span class='ocrx_word' id='word_1_142' title='bbox 841 3233 985 3314; x_wconf 73' lang='lat' dir='ltr'><strong>aliquot:</strong></span> 
     </span>
     <span class='ocr_line' id='line_1_24' title="bbox 112 3343 976 3429; baseline 0 -19"><span class='ocrx_word' id='word_1_143' title='bbox 112 3363 174 3410; x_wconf 91' lang='lat' dir='ltr'><strong>nos</strong></span> <span class='ocrx_word' id='word_1_144' title='bbox 203 3348 382 3429; x_wconf 85' lang='lat' dir='ltr'><strong>neglectum</strong></span> <span class='ocrx_word' id='word_1_145' title='bbox 398 3344 509 3428; x_wconf 85' lang='lat' dir='ltr'><strong>jacuit.</strong></span> <span class='ocrx_word' id='word_1_146' title='bbox 554 3343 824 3426; x_wconf 75' lang='lat' dir='ltr'><strong>philosophantes</strong></span> <span class='ocrx_word' id='word_1_147' title='bbox 842 3363 927 3412; x_wconf 90' lang='lat' dir='ltr'><strong>unus</strong></span> <span class='ocrx_word' id='word_1_148' title='bbox 947 3360 976 3410; x_wconf 90' lang='lat' dir='ltr'><strong>et</strong></span> 
     </span>
     <span class='ocr_line' id='line_1_25' title="bbox 113 3458 985 3543; baseline -0.001 -18"><span class='ocrx_word' id='word_1_149' title='bbox 113 3475 162 3525; x_wconf 87' lang='lat' dir='ltr'><strong>ter</strong></span> <span class='ocrx_word' id='word_1_150' title='bbox 178 3464 353 3542; x_wconf 89' lang='lat' dir='ltr'><strong>accedunt,</strong></span> <span class='ocrx_word' id='word_1_151' title='bbox 377 3460 477 3542; x_wconf 90' lang='lat' dir='ltr'><strong>patris</strong></span> <span class='ocrx_word' id='word_1_152' title='bbox 493 3459 643 3540; x_wconf 90' lang='lat' dir='ltr'><strong>nomine,</strong></span> <span class='ocrx_word' id='word_1_153' title='bbox 661 3475 691 3524; x_wconf 95' lang='lat' dir='ltr'><strong>et</strong></span> <span class='ocrx_word' id='word_1_154' title='bbox 706 3458 939 3543; x_wconf 85' lang='lat' dir='ltr'><strong>praefationis,</strong></span> <span class='ocrx_word' id='word_1_155' title='bbox 960 3474 985 3524; x_wconf 86' lang='lat' dir='ltr'><strong>ta</strong></span> 
     </span>
     <span class='ocr_line' id='line_1_26' title="bbox 113 3569 985 3672; baseline 0.002 -32"><span class='ocrx_word' id='word_1_156' title='bbox 113 3594 208 3657; x_wconf 87' lang='lat' dir='ltr'><strong>quam</strong></span> <span class='ocrx_word' id='word_1_157' title='bbox 237 3569 401 3660; x_wconf 82' lang='lat' dir='ltr'><strong>bperculi,</strong></span> <span class='ocrx_word' id='word_1_158' title='bbox 424 3575 599 3642; x_wconf 79' lang='lat' dir='ltr'><strong>festivitate</strong></span> <span class='ocrx_word' id='word_1_159' title='bbox 624 3576 771 3643; x_wconf 79' lang='lat' dir='ltr'><strong>invitati:</strong></span> <span class='ocrx_word' id='word_1_160' title='bbox 800 3579 924 3672; x_wconf 88' lang='lat' dir='ltr'><strong>tollunt</strong></span> <span class='ocrx_word' id='word_1_161' title='bbox 950 3594 985 3660; x_wconf 86' lang='lat' dir='ltr'><strong>op</strong></span> 
     </span>
     <span class='ocr_line' id='line_1_27' title="bbox 109 3693 985 3778; baseline 0 -18"><span class='ocrx_word' id='word_1_162' title='bbox 109 3697 245 3774; x_wconf 87' lang='lat' dir='ltr'><strong>culum,</strong></span> <span class='ocrx_word' id='word_1_163' title='bbox 267 3696 390 3762; x_wconf 87' lang='lat' dir='ltr'><strong>dolium</strong></span> <span class='ocrx_word' id='word_1_164' title='bbox 407 3695 543 3761; x_wconf 86' lang='lat' dir='ltr'><strong>interius</strong></span> <span class='ocrx_word' id='word_1_165' title='bbox 564 3694 764 3778; x_wconf 87' lang='lat' dir='ltr'><strong>inspiciunt,</strong></span> <span class='ocrx_word' id='word_1_166' title='bbox 783 3693 894 3760; x_wconf 87' lang='lat' dir='ltr'><strong>vident</strong></span> <span class='ocrx_word' id='word_1_167' title='bbox 908 3694 985 3778; x_wconf 81' lang='lat' dir='ltr'><strong>plenl</strong></span> 
     </span>
     <span class='ocr_line' id='line_1_28' title="bbox 105 3809 985 3894; baseline -0.003 -16"><span class='ocrx_word' id='word_1_168' title='bbox 105 3811 246 3878; x_wconf 74' lang='lat' dir='ltr'><strong>›materia</strong></span> <span class='ocrx_word' id='word_1_169' title='bbox 265 3811 369 3893; x_wconf 88' lang='lat' dir='ltr'><strong>piceae</strong></span> <span class='ocrx_word' id='word_1_170' title='bbox 392 3811 566 3894; x_wconf 77' lang='lat' dir='ltr'><strong>nigredinis</strong></span> <span class='ocrx_word' id='word_1_171' title='bbox 590 3826 621 3876; x_wconf 92' lang='lat' dir='ltr'><strong>et</strong></span> <span class='ocrx_word' id='word_1_172' title='bbox 639 3810 745 3894; x_wconf 85' lang='lat' dir='ltr'><strong>gravis</strong></span> <span class='ocrx_word' id='word_1_173' title='bbox 772 3809 898 3877; x_wconf 85' lang='lat' dir='ltr'><strong>odoris.</strong></span> <span class='ocrx_word' id='word_1_174' title='bbox 942 3809 985 3875; x_wconf 87' lang='lat' dir='ltr'><strong>Ve</strong></span> 
     </span>
     <span class='ocr_line' id='line_1_29' title="bbox 103 3927 985 4025; baseline 0.001 -34"><span class='ocrx_word' id='word_1_175' title='bbox 103 3927 181 3998; x_wconf 79' lang='lat' dir='ltr'><strong>rani</strong></span> <span class='ocrx_word' id='word_1_176' title='bbox 208 3927 398 4008; x_wconf 90' lang='lat' dir='ltr'><strong>operculum</strong></span> <span class='ocrx_word' id='word_1_177' title='bbox 427 3946 540 4025; x_wconf 84' lang='lat' dir='ltr'><strong>rursus</strong></span> <span class='ocrx_word' id='word_1_178' title='bbox 570 3929 763 4009; x_wconf 79' lang='lat' dir='ltr'><strong>imponunts</strong></span> <span class='ocrx_word' id='word_1_179' title='bbox 795 3942 928 3994; x_wconf 91' lang='lat' dir='ltr'><strong>monent</strong></span> <span class='ocrx_word' id='word_1_180' title='bbox 946 3945 985 3992; x_wconf 90' lang='lat' dir='ltr'><strong>no</strong></span> 
     </span>
     <span class='ocr_line' id='line_1_30' title="bbox 101 4030 985 4127; baseline -0.005 -13"><span class='ocrx_word' id='word_1_181' title='bbox 101 4048 181 4114; x_wconf 64' lang='lat' dir='ltr'><strong>ulos</strong></span> <span class='ocrx_word' id='word_1_182' title='bbox 207 4045 282 4111; x_wconf 89' lang='lat' dir='ltr'><strong>item</strong></span> <span class='ocrx_word' id='word_1_183' title='bbox 313 4043 435 4127; x_wconf 84' lang='lat' dir='ltr'><strong>iacere3</strong></span> <span class='ocrx_word' id='word_1_184' title='bbox 460 4064 499 4111; x_wconf 91' lang='lat' dir='ltr'><strong>ne</strong></span> <span class='ocrx_word' id='word_1_185' title='bbox 524 4046 650 4112; x_wconf 90' lang='lat' dir='ltr'><strong>materia</strong></span> <span class='ocrx_word' id='word_1_186' title='bbox 671 4030 780 4113; x_wconf 88' lang='lat' dir='ltr'><strong>colore</strong></span> <span class='ocrx_word' id='word_1_187' title='bbox 799 4046 883 4113; x_wconf 77' lang='lat' dir='ltr'><strong>aeris</strong></span> <span class='ocrx_word' id='word_1_188' title='bbox 907 4044 985 4112; x_wconf 84' lang='lat' dir='ltr'><strong>effer</strong></span> 
     </span>
     <span class='ocr_line' id='line_1_31' title="bbox 103 4161 985 4252; baseline -0.008 -19"><span class='ocrx_word' id='word_1_189' title='bbox 103 4180 235 4248; x_wconf 68' lang='lat' dir='ltr'><strong>scens,</strong></span> <span class='ocrx_word' id='word_1_190' title='bbox 255 4161 293 4251; x_wconf 80' lang='lat' dir='ltr'><strong>in</strong></span> <span class='ocrx_word' id='word_1_191' title='bbox 307 4179 420 4237; x_wconf 77' lang='lat' dir='ltr'><strong>eorum</strong></span> <span class='ocrx_word' id='word_1_192' title='bbox 433 4164 542 4252; x_wconf 76' lang='lat' dir='ltr'><strong>capita</strong></span> <span class='ocrx_word' id='word_1_193' title='bbox 558 4174 718 4250; x_wconf 84' lang='lat' dir='ltr'><strong>erumpat.</strong></span> <span class='ocrx_word' id='word_1_194' title='bbox 747 4162 855 4233; x_wconf 84' lang='lat' dir='ltr'><strong>·Pater</strong></span> <span class='ocrx_word' id='word_1_195' title='bbox 868 4162 985 4248; x_wconf 82' lang='lat' dir='ltr'><strong>inglorr</strong></span> 
     </span>
     <span class='ocr_line' id='line_1_32' title="bbox 980 4299 985 4342; baseline 0 0"><span class='ocrx_word' id='word_1_196' title='bbox 980 4299 985 4342; x_wconf 78' lang='lat' dir='ltr'><strong>t</strong></span> 
     </span>
    </p>
   </div>
   <div class='ocr_carea' id='block_1_3' title="bbox 0 0 1186 4936">
    <p class='ocr_par' dir='ltr' id='par_1_3' title="bbox 0 0 1186 4936">
     <span class='ocr_line' id='line_1_33' title="bbox 0 0 1186 4936; baseline 0 2"><span class='ocrx_word' id='word_1_197' title='bbox 0 0 1186 4936; x_wconf 95' lang='lat' dir='ltr'><strong> </strong></span> 
     </span>
    </p>
   </div>
  </div>
 </body>
</html>
