2362 4936
143 589 207 666 me
231 556 805 665 animumanimumum,
873 568 941 687 iet

78 805 87 851 ι
107 796 142 851 et
168 800 315 872 aquam,
338 764 516 869 earumque
528 762 776 879 exhalationes:
798 782 874 848 baie
888 802 942 854 re-
956 802 1022 870 gm,
1047 792 1118 873 mg

78 901 236 992 Univerti
255 876 398 965 Animae
420 892 600 967 adbaere're
617 898 762 987 reliquas
781 899 942 985 Animas,
956 877 1045 934 ⁵³⁰¹*

78 1046 85 1085 ι
116 1006 192 1100 eas,
222 1032 304 1106 quae
334 1030 409 1081 sunt
443 1019 480 1080 in
513 1006 739 1095 Animalibus,
769 1029 836 1082 tum
865 1038 942 1101 eas,

78 1157 104 1201 oe
128 1138 166 1200 ln
184 1115 381 1215 circumfuso
396 1132 474 1196 ae‘re
488 1144 587 1214 sant,·
610 1152 686 1198 nam
706 1144 737 1196 et
751 1134 945 1220 permanere¹

78 1261 220 1312 tuorum
240 1244 391 1312 Animas.
437 1238 582 1326 Quidam
603 1260 679 1311 tero
698 1246 878 1314 oraturum
890 1242 947 1316 'di-

78 1373 123 1440 τι,
138 1360 288 1453 Ammon
305 1354 459 1424 Universl
474 1352 600 1446 quidem
616 1377 681 1422 esse
695 1352 946 1450 sempiternam}

78 1478 172 1562 equas
196 1466 383 1538 auternito
403 1472 519 1558 perire
537 1484 580 1536 ut
600 1490 672 1538 cum
689 1474 755 1542 illd
770 1482 950 1545 commisce·

78 1610 134 1659 ur.
160 1624 205 1641 -
227 1589 352 1668 Porro,
383 1590 538 1656 Animam
573 1601 605 1652 et
630 1597 720 1656 natal
747 1605 778 1655 et
806 1596 949 1659 interirb

78 1722 143 1774 nt:
164 1728 228 1774 non
251 1724 358 1773 autem
377 1712 526 1772 continuo
537 1708 793 1796 potbdlscessam
814 1732 855 1778 eoo
870 1713 951 1779 Cor*

78 1851 101 1893 e
116 1830 252 1916 perire,
275 1826 335 1892 sed
347 1844 542 1913 permanere
557 1844 621 1914 per
644 1831 796 1916 seipsam
816 1828 953 1918 aliquod

78 1946 165 2035 pao:
193 1947 372 2033 sapientam
398 1943 527 2034 quidem
553 1942 693 2011 Atot'mar
718 1964 817 2033 usquo
840 1946 888 2011 ad
907 1942 952 2011 il·

78 2058 242 2146 'tempos‚
263 2079 325 2147 quo
341 2077 442 2124 omnes
460 2078 513 2124 res
524 2064 600 2146 igne
616 2057 853 2128 dissolventur:
871 2055 953 2125 stol·

78 2194 130 2241 um
156 2193 232 2244 vero
250 2175 387 2240 Animas
405 2175 549 2242 bretiorl
564 2178 678 2264 spatio.
722 2174 825 2261 Quod
841 2190 951 2244 autem
1055 2252 1059 2261 ,

78 2302 139 2372 nt,
172 2291 312 2355 Animas
333 2304 555 2378 permanere,
589 2295 647 2358 boa
674 2292 832 2378 ejusmodi
858 2293 954 2360 babet
1013 2281 1017 2291 ’

78 2408 236 2472 tentiam:
276 2427 350 2488 nos,
383 2414 479 2495 quum
508 2407 593 2473 solae
619 2422 650 2474 et
680 2409 788 2476 nudae
814 2411 954 2476 Animae

78 2528 208 2603 rimus,
232 2522 372 2611 Corpore
393 2523 571 2590 discedente
597 2539 629 2590 et
648 2528 790 2593 Animae
807 2527 955 2593 substan·

78 2655 111 2701 m
140 2638 324 2719 minuente,
361 2652 577 2724 permanere:
617 2639 791 2706 stultorum
820 2661 897 2710 *tero
924 2651 956 2706 et

78 2765 200 2818 ntorum
216 2742 421 2818 Animaliom
434 2755 566 2818 Animas
580 2774 652 2819 oum
668 2756 745 2841 ipsis
761 2753 955 2843 Corporibus

79 2864 153 2935 ril‘
174 2865 343 2933 Rationem
368 2866 490 2934 addidit
512 2864 705 2951 Panaetius,
731 2868 811 2952 qui,
836 2885 874 2935 ut
906 2885 954 2934 re·

78 2981 233 3051 tCicero
257 2984 363 3054 Tusc.
390 2983 419 3054 1.
445 3004 507 3072 37,
536 2998 680 3053 ceteram
711 3006 785 3054 eom
814 2984 955 3052 Platona

78 3108 254 3191 mannent,
286 3104 355 3184 eius
387 3105 472 3170 bana
502 3127 601 3174 unam
630 3107 670 3174 de
702 3105 961 3173 Immortalitate

78 3222 228 3287 umorum
246 3223 436 3286 sententiam
455 3239 518 3285 non
538 3220 708 3307 probabat.
753 3222 836 3290 Vult
851 3224 960 3306 enim,

78 3336 125 3402 od
137 3356 225 3404 nemo
250 3331 369 3423 negat,
392 3332 553 3426 quidquid
567 3350 681 3404 natum
703 3338 775 3422 sit,
796 3336 961 3407 interiret

79 3455 129 3517 ael
155 3466 262 3520 autem
290 3455 448 3535 Animos,
470 3451 556 3542 qaod
571 3452 717 3519 declaret
743 3474 852 3519 eoram
869 3457 962 3521 rimi·

78 3568 140 3635 udo
165 3575 223 3659 qui
239 3586 479 3659 procreentur:
508 3592 590 3660 quae
615 3575 717 3638 etiam
742 3575 779 3637 in
800 3574 960 3660 ingeniis,

78 3666 218 3753 nsolom
245 3693 281 3754 ln
300 3685 491 3774 Corporibus
509 3695 684 3776 appareat.
727 3683 880 3752 Alteram
900 3706 962 3751 aa·

78 3820 102 3868 a
119 3802 230 3887 adfert
248 3792 429 3871 rationem:
450 3804 537 3870 nibil
547 3824 611 3872 etro
628 3804 715 3894 qood
731 3803 859 3886 doleat,
881 3806 963 3892 quin

91 3938 228 4007 aegrum
248 3938 311 3985 esse
327 3939 449 4008 quoque
460 3924 563 4008 possit
569 3944 584 4024 t'
606 3913 808 4009 quodantem
825 3924 862 3985 ln
876 3938 963 3985 mor·

78 4056 112 4101 rn
137 4023 258 4118 eadat,
279 4036 318 4102 id
336 4045 436 4105 etlam
461 4039 695 4107 interiturum:
717 4036 825 4105 dolere
854 4050 963 4103 autem

78 4159 175 4221 almos
185 4197 205 4238 ,,
221 4173 296 4241 ergo
315 4159 413 4225 eliam
428 4153 606 4225 interire.”

910 4267 970 4337 sae
985 4302 990 4311 ·
