2362 4936
139 556 203 645 ro
269 537 623 619 nnotnoonrmtr
643 557 690 612 n
711 536 930 636 nnrrrorrn

141 756 211 808 nm
224 737 395 820 eodemque
409 730 504 800 notio
523 729 558 795 in
580 728 702 797 Animo
721 730 900 810 excitetur,
936 731 1068 816 Veluti,

141 857 180 926 si
194 856 304 924 nudior
322 864 380 921 ant
392 849 549 931 rcripom
563 846 651 930 leges
663 863 782 915 nomen
789 846 892 914 Homo
901 890 916 929 ,
925 848 980 914 vel
993 847 1068 915 Pto·

137 972 303 1053 leniam,
319 965 461 1052 plurium
476 965 741 1047 diversorumque
757 963 998 1031 individuorum
1012 982 1067 1032 co·

141 1088 257 1174 giratio
282 1089 317 1153 ln
339 1083 459 1152 Animo
482 1081 558 1148 oriri
588 1095 715 1164 potestt
737 1095 769 1146 et
789 1082 819 1148 si
840 1096 953 1157 contra
977 1099 1013 1148 v.
1034 1099 1065 1148 c.

141 1200 233 1269 diets
253 1197 442 1285 singillatim
459 1198 589 1264 nomina
603 1196 765 1277 Marcus,
787 1198 839 1264 vel
855 1195 1000 1279 Tullius,
1014 1197 1064 1265 vel

140 1314 280 1399 Cicero,
303 1317 354 1383 vel
366 1315 505 1396 deniqne
522 1315 552 1380 si
569 1332 666 1382 umus
682 1314 890 1399 ejusdemque
904 1314 948 1378 rei
962 1312 1065 1380 nomi·

144 1452 188 1503 nt
205 1432 304 1501 variis
321 1430 450 1514 linguis
472 1430 654 1514 audiveris,
683 1448 748 1497 una
771 1443 876 1497 tamen
895 1429 1064 1515 eodemque

140 1552 237 1623 notio
251 1551 288 1621 in
302 1548 424 1623 Animo
439 1548 601 1623 moster?

533 1783 568 1866 s.
609 1778 677 1850 IX.

329 2017 383 2089 De
404 2016 659 2085 lrnmortalitate
679 2015 889 2086 Animorum.

187 2252 299 2333 Atque
312 2249 365 2318 his
381 2250 510 2333 quidem
532 2248 712 2318 rationibus
730 2249 812 2317 illud
833 2249 979 2319 effectum
993 2263 1061 2336 est,

100 2390 107 2424 l
145 2367 301 2439 Animum
314 2382 382 2435 non
397 2366 500 2450 perire
517 2381 620 2431 morte
636 2365 810 2450 Corporis.
836 2367 964 2434 Etenim
979 2388 1066 2439 mort

146 2481 309 2568 Corporis
325 2479 461 2548 efficitur
473 2482 652 2549 cessatione
666 2496 774 2548 motus
790 2480 927 2567 interni,
947 2503 984 2551 ac
999 2487 1069 2552 dis.

146 2597 314 2665 solutione
329 2595 489 2679 portium:
508 2612 645 2676 quornm
657 2608 805 2660 neutrum
823 2596 858 2662 in
872 2597 977 2663 Animi
990 2595 1066 2663 sim·

145 2713 323 2798 plicitarern
349 2714 459 2778 cadere
483 2725 604 2797 potest.
649 2712 756 2799 Quare
781 2714 809 2779 sl
837 2716 913 2796 quio
929 2717 1068 2800 amplius

145 2845 259 2898 contro
282 2828 393 2896 Animi
415 2830 689 2897 Immortalitatem
715 2830 875 2900 obluctarl
898 2834 1001 2916 velit,
1021 2834 1068 2900 al·

147 2962 303 3016 terutrum
324 2960 443 3014 statuat
460 2965 589 3014 necesse
605 2963 678 3031 est,
702 2949 752 3015 vel
770 2948 789 3015 i
814 2949 885 3016 Deo
903 2950 979 3033 ipso
993 2953 1071 3019 Ani·

143 3081 232 3131 mum
248 3059 441 3131 exstinctum
459 3075 491 3128 et
505 3061 539 3128 in
549 3062 687 3130 nihilum
696 3063 850 3147 rejectum
862 3064 902 3130 iri
913 3065 988 3146 ‚vel
997 3082 1070 3134 enm

24 3227 28 3233 -
147 3190 269 3262 sponte
294 3179 355 3244 sui
376 3179 513 3258 naturl,
535 3195 636 3260 quum
662 3177 759 3244 semel
783 3195 921 3259 corpore
943 3183 1073 3247 solutor

144 3293 267 3376 fuerit,
297 3292 332 3361 in
359 3311 508 3360 somnum
531 3309 628 3375 atque
653 3309 815 3377 torporem
840 3294 1003 3379 incidere,
1033 3312 1070 3364 nt

146 3407 375 3491 cogitationem
403 3427 540 3490 prorsus
570 3409 707 3475 amittat.
753 3412 803 3476 Ac
829 3413 1071 3495 primoquidem

146 3522 316 3591 confutare
331 3525 372 3591 ad
396 3520 608 3609 Theologiam
630 3527 812 3592 Naturalem
830 3528 991 3612 pertinet,
1014 3531 1072 3598 nbi

142 3652 186 3706 ex
204 3638 386 3707 virtutibus
410 3640 529 3708 divinis
557 3642 746 3726 colligitur,
768 3643 871 3709 Deum
896 3644 1008 3711 Animi
1024 3644 1074 3714 vi·

142 3762 210 3822 tam
227 3774 294 3823 non
308 3757 413 3822 solum
432 3775 498 3825 non
517 3759 773 3840 exstincturum,
791 3779 890 3840 quum
908 3779 976 3827 eam
991 3761 1073 3828 Ani·

104 3921 109 3929 ,
141 3883 222 3941 'mus
244 3889 302 3955 per
328 3890 420 3938 snam
452 3887 595 3939 naturam
632 3875 824 3956 producere
843 3875 979 3957 possit,
1014 3875 1071 3942 sed

148 3983 242 4055 ctiam
262 3983 495 4053 exabundanti
515 3988 728 4073 largiturum,
752 3989 782 4054 si
799 3991 938 4056 Animus
955 4010 1074 4075 corpo·

148 4118 218 4172 tene
239 4100 325 4171 foret
348 4117 491 4174 naturae.
542 4106 721 4176 Posteriori
739 4125 816 4176 vero
834 4104 1074 4194 reprehensioni

1013 4225 1079 4291 hot
