2362 4936
7 29 1096 269 ψ

48 546 58 582 ²
134 561 211 723 z
259 530 616 636 rnmbdoiittis
636 565 686 630 ux
706 523 930 632 mmioids

130 750 195 844 quie
209 733 439 822 &finitorum
459 745 640 814 retulisset.
685 745 746 815 Sed
763 734 932 833 antequam
951 741 1064 818 adsta

130 875 241 946 bulam
259 863 404 943 accedit,
425 860 603 946 praemittit
617 854 838 946 gavissimam
857 863 1054 945 disputatio

131 1006 227 1069 nem,
240 981 306 1066 'qud
320 974 455 1044 Animae
470 975 741 1043 Immortalitatem
757 979 975 1045 demonstrare
987 968 1059 1047 st'us

132 1106 198 1175 αρε,
251 1095 359 1182 Quare
383 1088 524 1156 fabulam
551 1107 638 1155 nunc
667 1091 794 1173 quidem
823 1095 1057 1176 praetermitto·

133 1223 231 1299 tius,
258 1204 561 1303 demonstrationem
587 1223 663 1271 vero
684 1207 946 1275 consideremus:
974 1227 1060 1279 eatud

134 1332 222 1423 que,
255 1321 514 1411 quandoquidem
548 1318 754 1404 longiuscula
776 1336 852 1403 est,
886 1334 954 1392 non
978 1323 1061 1411 ipsis

133 1440 330 1526 Philosophi
343 1436 451 1505 verbis
469 1432 665 1516 referimus,-
688 1435 744 1501 sed
760 1437 945 1506 summatim
969 1441 1060 1508 exbi·

133 1560 293 1636 litamus,
314 1565 352 1620 ut
368 1552 438 1638 ejus
452 1563 558 1616 tamen
574 1551 626 1616 vis
642 1563 673 1615 et
690 1552 882 1620 consecutio
898 1534 1061 1638 appaream

133 1677 225 1750 naec
241 1670 341 1756 igitur
355 1682 480 1733 summa
495 1678 545 1730 est
563 1663 816 1747 disputationis,
831 1682 913 1750 quae
929 1670 1066 1740 babetur

135 1786 257 1879 mid
280 1797 312 1849 et
333 1796 408 1867 517.
456 1825 478 1862 „
500 1778 538 1845 In
565 1795 666 1844 rerum
695 1782 808 1846 natura
834 1789 913 1847 sunt
938 1785 989 1850 vei
1010 1803 1062 1854 res

137 1906 268 1984 lionae,
289 1896 342 1967 vei
366 1892 487 1976 maiae,
511 1894 561 1960 vei
593 1891 818 1963 indifferentes⁴
862 1891 972 1964 Bonae
988 1907 1067 1968 sunt

137 2010 220 2108 qut'e
243 2032 296 2083 eas
321 2030 397 2093 res,
429 2008 717 2092 quibus-insunt,
750 2025 899 2078 servante
935 2013 1064 2100 Malae,

140 2132 224 2222 dnae
240 2146 295 2198 ens
318 2127 517 2194 destruunt:
536 2119 779 2205 indifferentes,
803 2141 884 2207 quae
912 2123 1074 2200 neutrum⁴

137 2248 279 2320 faciunt.
334 2238 382 2306 lte
407 2237 600 2322 corporibus
629 2236 836 2306 animantium
865 2242 982 2325 maium
1017 2252 1069 2316 err

140 2361 297 2439 morbus,
318 2353 473 2440 frugibus
504 2371 644 2439 aerugo,
673 2351 764 2437 ligno
792 2359 953 2440 putredo,
983 2359 1070 2432 ferro

145 2476 286 2562 mitigo,
308 2470 382 2539 aliis
406 2469 487 2551 aiii3
517 2465 638 2551 quibus
657 2466 750 2534 maiis
768 2485 817 2534 res
836 2468 963 2538 affectae
978 2493 1096 2558 peren

138 2596 214 2662 tint.
259 2584 362 2667 Atqui
379 2583 514 2650 Animae
531 2583 648 2648 malum
668 2595 718 2648 est
750 2581 930 2668 injustitia,
952 2585 1069 2658 intem.

141 2702 310 2793 penntiu,
333 2679 509 2776 timiditas,
532 2695 735 2777 insipientia:
765 2698 804 2763 de
829 2700 948 2782 quibus
975 2707 1071 2775 nullo

141 2831 240 2906 preto
268 2811 397 2880 ostendi
422 2823 552 2892 potest,
579 2828 631 2879 eas
659 2812 751 2878 talem
779 2813 845 2879 vim
873 2812 1009 2901 habere,
1033 2831 1069 2888 ut

144 2926 282 3005 Animae
298 2939 433 2994 mortem
458 2916 612 2992 aderant.
655 2926 757 2994 Porro
774 2946 822 2995 res
839 2946 973 3013 onnes,
989 2944 1070 3017 quae

143 3052 211 3118 tion
226 3046 356 3112 interno
371 3058 432 3105 suo
460 3039 575 3106 morbo
600 3054 631 3105 et
656 3044 759 3125 maio,
779 3045 835 3112 sed
859 3050 990 3115 externi
1014 3049 1070 3130 vi,

143 3156 301 3250 pereuu't,
312 3174 390 3223 non
407 3168 513 3222 tumen
527 3155 570 3221 its
583 3172 736 3240 pereunt,
760 3174 796 3224 ut
814 3175 941 3228 externa
958 3183 1069 3233 causer

144 3268 282 3345 sufficiat
292 3271 329 3337 ad
341 3267 520 3337 interitum:
538 3272 593 3336 sed
608 3269 685 3337 fons
701 3286 732 3338 et
747 3275 839 3358 origo
857 3275 1007 3346 interitus
1020 3294 1070 3349 est

145 3391 182 3460 ib
206 3391 292 3457 mulo
316 3387 463 3466 interno,
487 3384 576 3466 quod
591 3403 698 3454 ansam
716 3389 843 3470 praebet
867 3408 965 3474 atque
989 3395 1074 3463 cedit

143 3506 181 3574 ui
198 3519 357 3590 externae.
386 3499 449 3566 Sed
460 3500 595 3567 Animae
608 3505 726 3569 maium
742 3522 809 3571 non
824 3508 985 3590 ejusmodi
1001 3527 1070 3594 est,

144 3631 185 3691 ut
199 3620 251 3688 vel
267 3618 374 3702 ipsum
395 3617 503 3683 solum
533 3617 667 3683 Animae
691 3634 824 3685 mortem
854 3621 997 3709 adferat,
1020 3628 1074 3693 vei

145 3733 334 3803 rb'externa
349 3731 384 3797 vi
400 3730 441 3798 ad
456 3730 591 3799 Animae
605 3731 769 3801 interitum
787 3738 931 3804 converti
945 3741 1068 3822 possit.

145 3847 238 3933 Ergo
256 3845 375 3914 Anima
395 3863 453 3912 nec
472 3844 511 3912 ab
529 3845 726 3915 intermanet
742 3850 782 3917 ab
801 3856 933 3921 exterma
952 3859 1072 3924 caused

7 3994 25 4037 :-
45 4020 60 4058 .·
79 3986 104 4011 -’
147 3942 502 4031 ad'interitomdeduci
521 3976 641 4043 potest.
683 3963 842 4032 Praeterea
869 3968 950 4035 illud
972 3971 1075 4040 anin-

36 4066 86 4097 '‘'
148 4072 379 4156 temnendum
402 4090 472 4143 est:
499 4077 689 4146 Animarum
716 4097 884 4152 numerum
909 4102 969 4154 net
985 4105 1084 4174 auge·

1051 4200 1085 4273 ri
