2362 4936
92 534 185 662 '29⁶
336 560 760 639 nursi-otu
809 588 861 627 -.

124 757 233 827 omnia
257 757 339 827 delet
363 775 400 823 ac
426 756 549 838 diruit,
580 775 638 824 nee
672 753 858 823 aedificandi
882 754 1034 838 murenam

121 873 287 954 relinquit.
434 944 436 950 ,
508 942 511 947 ,

55 994 58 1001 ’
131 1061 137 1071 ‚
169 988 244 1057 CR.
265 986 311 1054 Er
325 987 403 1054 mihi
419 987 497 1054 satis
512 1002 580 1054 esta
596 990 652 1070 qui
670 1001 702 1053 er
718 989 791 1070 ipse
807 987 978 1069 aliquando
993 986 1034 1053 ir·

127 1119 196 1175 tum
221 1107 329 1190 legens
355 1104 497 1188 librum,
520 1126 619 1188 quum
636 1123 858 1191 argumentum
876 1108 915 1172 de
930 1105 1034 1190 Spatio

126 1224 375 1308 cognovissem,
387 1242 458 1289 eum
469 1222 591 1307 ubjec13
607 1225 695 1305 quod
708 1222 787 1286 mihi
798 1237 962 1304 appareret
970 1239 1034 1308 prr*

124 1339 206 1426 gula
219 1344 404 1426 pictorum,
417 1342 489 1406 ueri
502 1340 604 1418 nihil,
618 1342 726 1403 omnia
736 1333 838 1417 ficta,
853 1353 913 1402 nec
925 1337 1034 1417 ruique

124 1455 330 1538 disputatio,
353 1471 390 1521 ut
413 1455 432 1520 i
455 1453 547 1521 falsis
570 1451 671 1520 initiis
696 1450 859 1535 profecta,
875 1467 955 1519 ‚uera
976 1463 1034 1515 esu

127 1583 254 1652 posset.
295 1570 397 1649 idque
423 1570 527 1634 multo
550 1567 643 1633 etiam
662 1566 762 1648 magis
780 1581 866 1632 nunc
881 1564 1034 1650 judicavi,

125 1687 279 1773 explicita
295 1685 357 1750 ista
371 1683 610 1766 Categoriurum
629 1681 780 1747 vanitate.
818 1680 945 1767 Quere,
965 1699 1034 1765 age,

123 1803 344 1885 relinquamus
363 1803 485 1878 tandem
502 1800 585 1865 istos
598 1798 792 1866 Cimmerios
805 1799 916 1882 heus,
927 1816 962 1864 rc
975 1798 1034 1864 diar

123 1919 260 2005 luminis
276 1936 369 1983 auras
386 1933 577 1999 repetamus.

119 2105 127 2119 ‚
166 2032 308 2103 LYND.
332 2031 419 2099 Mihi
438 2033 589 2114 quidem,
613 2033 762 2115 quamvis
781 2033 1034 2120 hujussrientiar

129 2151 275 2236 experri,
298 2150 326 2218 si
351 2168 429 2235 pace
455 2163 561 2216 vestra
585 2151 689 2218 dicere
706 2153 781 2217 licet
798 2153 877 2233 quid
890 2153 1018 2219 sentiam

126 2272 177 2341 sic
201 2270 338 2336 videtur.
382 2264 421 2335 In
444 2266 667 2352 Metapirysica
692 2269 936 2351 constituenda,
953 2271 1034 2338 trtir

124 2386 201 2455 aliis
218 2384 499 2468 disciplinis,non
516 2382 550 2450 id
559 2385 768 2467 spectandum
784 2401 921 2469 esse‚ut
938 2386 1034 2457 ferun

121 2504 192 2581 dr,
215 2501 270 2567 sed
286 2515 322 2565 ut
341 2518 414 2567 vera
431 2499 493 2566 sit:
518 2515 571 2579 at,
589 2501 624 2566 -si
643 2493 732 2568 nulla
753 2502 885 2571 omnino
901 2505 966 2586 sit,
989 2525 1034 2574 ne

120 2634 199 2688 asse
217 2615 345 2697 possit,
368 2627 405 2677 ut
431 2613 494 2679 hoo
512 2613 645 2694 ipsum,
668 2615 788 2680 nullum
816 2632 884 2683 esse
900 2634 956 2683 net
972 2637 1030 2686 ets

120 2750 246 2819 posse,
258 2730 354 2796 uobis
368 2742 572 2812 perspectum
588 2730 852 2811 exploratumque
862 2730 929 2803 flat.
949 2734 1034 2802 Dein

125 2853 165 2918 de
181 2847 334 2916 Kantium
348 2846 430 2913 tanti
440 2891 457 2926 ,
472 2861 508 2911 ut
524 2845 651 2927 fertur,
669 2847 791 2932 ingenii
805 2851 936 2938 vitum,
952 2852 1034 2926 nihil

124 2985 166 3037 ne
189 2964 338 3029 utilitatis
351 2962 500 3028 attulisse
512 2961 682 3031 dicamus?

167 3080 226 3147 W.
249 3080 294 3146 Et
312 3081 454 3144 modeste
471 3093 503 3144 et
522 3081 696 3162 prudenter
718 3100 852 3167 mones,
881 3085 1034 3170 Lyndrac

115 3196 200 3283 ligo
216 3199 235 3263 i
249 3198 344 3263 vobis
358 3209 490 3278 rogatus
503 3209 598 3276 atque
611 3198 688 3263 adeo
703 3216 837 3269 coactus
849 3203 954 3273 dicere
968 3201 1034 3288 qun

114 3316 159 3385 in
187 3313 310 3380 Critira
336 3313 437 3380 Purae
463 3311 613 3379 Rationis
640 3314 900 3400 improbarum,
931 3319 1034 3387 horon

124 3432 276 3515 quaedam
286 3428 478 3496 enumeravi.
497 3428 582 3494 Sunt
598 3449 675 3499 vero
693 3432 786 3523 etiam
799 3438 1021 3518 quaeprobeur

109 3543 273 3615 nimirum
291 3543 487 3627 singularum
508 3545 712 3624 quarumdam
723 3548 861 3629 partium
872 3551 1034 3636 expolitio

123 3675 196 3737 nem
207 3671 260 3738 ‚et
276 3672 384 3724 acutas
400 3657 574 3725 nonnullas
585 3659 891 3736 animadversiones.
919 3653 1034 3733 Armi

125 3791 247 3843 versun
257 3773 456 3856 doctrinam,
474 3774 632 3858 principit
642 3791 673 3842 et
688 3775 832 3858 exitum,
848 3777 984 3863 probare
997 3790 1034 3845 n

112 3900 193 3954 non
208 3902 308 3966 posse
327 3884 440 3954 fateor.
471 3885 635 3969 Omnino,
654 3903 689 3954 ut
704 3889 776 3970 ais,
791 3889 838 3956 nil
852 3891 918 3959 nisi
936 3897 1034 3958 veron

106 4078 109 4083 ⁸
128 4000 333 4083 quaerimus:
349 4002 404 4066 sed
419 4001 481 4069 hoc
496 4003 603 4084 ipsum
617 4003 658 4070 ab
674 4003 746 4071 aliis
763 4004 861 4095 nobis
879 4005 1027 4074 oblatum

128 4132 170 4184 aa
189 4117 389 4224 uerumusit,
410 4133 525 4187 nostro
537 4119 603 4205 ipsi
617 4118 763 4209 judicio,
784 4140 854 4191 nott
873 4123 977 4197 atiena
987 4128 1034 4217 pfl,

975 4244 1034 4305 cto

102 4286 171 4327 'dn'
