2362 4936
270 580 824 666 incrusurum
952 610 1015 683 η,

102 758 216 845 boort
241 772 356 844 critici
374 774 440 841 boc
469 775 514 843 ita
537 777 721 859 jactarunt,
744 777 837 858 quasi
861 778 926 844 soli
946 780 1015 846 sci·

103 906 161 960 rent
181 906 212 959 ct
234 890 455 973 reperissent:
482 903 520 956 ‘et
552 908 629 957 sane
658 890 781 972 aliquid
805 892 1010 976 adjecerunt:

103 1008 167 1075 lanc
185 1005 310 1074 scillcet
327 1005 594 1073 conclusionem:
618 1005 711 1092 Ergo
726 1025 776 1073 ret
795 1027 858 1072 non
881 1006 1013 1075 tensibi-

105 1122 210 1188 lrrrrorr
241 1121 292 1189 ad
310 1119 452 1209 Tempus
477 1133 508 1186 tt
536 1119 686 1210 Spatium
715 1120 898 1188 adstrictae
923 1135 1010 1189 runt.

106 1237 185 1326 Quod
197 1255 298 1321 aeque
321 1239 483 1322 eleganter
501 1237 696 1304 conclusum
723 1253 773 1303 est
791 1252 888 1320 atque
909 1237 1012 1306 illud:

76 1368 78 1449 ζ
108 1357 315 1425 darocam
340 1356 459 1450 dotem
487 1369 630 1445 quatuor
659 1355 776 1445 pedm
806 1351 921 1444 Ergo,
953 1360 1012 1446 qui

76 1460 80 1533 l
105 1493 155 1539 sorr
168 1484 372 1556 remcaret,
394 1492 458 1539 oon
483 1472 601 1539 habent
619 1486 767 1560 promor
786 1472 896 1560 podera
941 1473 1013 1538 Sci·

108 1589 170 1655 licet
185 1609 245 1657 nou
267 1591 481 1658 adtenderunt
503 1589 542 1654 ad
561 1587 810 1672 magnitudinem
827 1588 967 1671 subjecti
982 1601 1016 1655 et

111 1705 280 1788 predicari:
303 1723 481 1786 eorumque
505 1705 763 1788 proportionem.
812 1703 875 1770 Sed
901 1705 1017 1787 hujus·

113 1825 185 1889 nodi
201 1825 514 1910 patilogismiapud
544 1843 649 1891 nouos
667 1826 750 1893 istos
776 1824 921 1892 Criticos
948 1844 1015 1894 non

116 1957 179 2007 tunt
192 1940 418 2021 infrequentes.
464 1940 597 2028 Quanto
619 1944 736 2007 melius
754 1959 819 2010 erat
835 1941 1015 2024 simplicem

115 2052 241 2124 Veterum
263 2058 419 2125 rationem
439 2058 550 2139 sequi:
578 2057 702 2139 duplici
721 2058 771 2122 via
789 2059 905 2125 adhoc
923 2062 1018 2126 tbco.

117 2191 183 2241 rena
196 2190 398 2261 pergentem,
420 2172 618 2258 Ontologica
632 2189 664 2240 et
682 2174 928 2259 Psycbologica.
975 2175 1020 2242 ll·

118 2288 330 2375 labajusmodi
357 2304 430 2356 est:
450 2288 515 2356 Res
548 2292 616 2376 (cel
638 2293 740 2375 irco)
762 2306 841 2357 sunt
859 2295 1018 2364 veltmere

122 2403 289 2487 possibiles,
308 2406 363 2471 vel
380 2405 575 2471 existentes:
599 2402 771 2470 existentes
788 2418 868 2471 sunt
883 2409 934 2471 vel
947 2427 1023 2473 cor·

124 2521 225 2600 potatu
245 2523 292 2591 vel
315 2522 560 2605 incorporales:
588 2526 775 2606 corporales
808 2525 905 2591 nobis
928 2527 1024 2593 inno·

125 2648 226 2707 testum
247 2654 302 2723 pet
328 2651 445 2707 sensus
473 2641 647 2724 corporis,
683 2656 718 2704 ut
743 2639 782 2705 ad
811 2641 954 2723 Spatium
980 2618 1019 2710 tc

128 2745 244 2837 Tempus
267 2754 459 2824 adstrictae:
486 2756 706 2838 incorporales
725 2775 856 2839 quoque
883 2777 953 2825 esse
976 2774 1026 2826 ra·

129 2865 163 2932 llo
182 2852 348 2958 progressu
375 2871 550 2956 intelligit,
573 2874 647 2938 item
671 2888 723 2938 eas
748 2875 788 2940 ad
806 2875 953 2958 Tempus
974 2877 1030 2943 ad·

132 2984 249 3069 tinent:
285 2988 314 3055 ai
341 2987 470 3070 quidem
497 2996 570 3053 'esse
596 2997 735 3071 pergunt
761 3006 798 3051 ac
824 2989 959 3054 durant:
990 2987 1030 3054 ad

132 3089 273 3184 dudunt
293 3119 355 3168 nec
380 3119 441 3181 ne:
471 3115 619 3167 neutrum
647 3100 811 3183 intelligit.
854 3099 1032 3186 Psycbolo·

132 3209 184 3292 tica
204 3216 279 3291 haee,
297 3232 361 3286 eutr
408 3216 571 3284 Nationes
597 3230 675 3285 atrnt
698 3229 800 3283 rerum
819 3219 868 3283 vel
894 3220 1031 3286 sensibi·
1096 3253 1109 3289 ,ι

135 3321 207 3409 lium,
228 3333 277 3397 tel
292 3330 572 3416 intelligibilium:
596 3332 676 3399 illae
688 3350 762 3396 cum
780 3333 915 3400 notione
934 3332 1032 3402 Tem.

135 3442 198 3515 luris
209 3464 243 3511 ac
261 3445 368 3529 Spatti
384 3450 576 3532 conjunctae
593 3463 689 3514 suut:
715 3449 773 3513 bae
789 3466 829 3512 an
845 3445 943 3530 item,
966 3468 1034 3518 non

76 3588 79 3595 ·
137 3548 264 3636 liquem
291 3564 351 3628 hac
371 3561 622 3643 distributione}
646 3580 722 3646 ergo
745 3565 960 3646 pergendum:
986 3582 1036 3632 res
1078 3606 1081 3613 ·

137 3665 326 3760 intelligibiles
346 3692 423 3744 sunt
439 3679 490 3744 vel
514 3678 690 3762 singulares
712 3693 744 3744 et
773 3696 965 3763 concretae,
989 3678 1041 3749 uel

134 3790 305 3861 bitumina
330 3809 362 3860 et
389 3794 593 3861 abstractae:
625 3796 683 3860 hae
708 3810 795 3862 ettra
826 3796 974 3881 Tempus
1010 3813 1042 3865 et

141 3900 254 3986 ionum
280 3929 383 3980 sunt:
407 3915 480 3979 illas
505 3932 595 3994 esse,
618 3916 700 3981 ratio
717 3933 893 3999 progressu
918 3915 1040 3983 intelll-

138 4019 193 4103 tit,
209 4029 281 4096 item
307 4047 362 4096 eas
387 4031 427 4097 ad
450 4030 599 4114 Tempus
617 4031 786 4101 adstrictas
812 4052 903 4117 esse,
926 4034 955 4101 si
972 4034 1045 4115 qui·
1124 4018 1127 4024 ¹

140 4130 198 4201 :itu
215 4159 282 4228 tate
303 4156 445 4229 pergunt
464 4162 503 4212 ac
524 4146 659 4214 dumnt:
685 4147 726 4214 ad
740 4145 911 4233 Spatium,
933 4163 1047 4217 musta

139 4278 148 4301 ·
174 4248 234 4323 tor.
252 4256 295 4328 ll
628 4259 664 4328 N
976 4264 1052 4333 nul·
