2362 4936
163 582 251 704 Ι(3.
283 626 340 705 L)
359 616 752 715 WASSENAERII.
882 642 957 721 gor:

86 840 167 891 mus
189 838 228 889 ae
256 817 506 903 perspitiamus.
551 816 605 883 Sic
623 806 789 884 factitabat
807 817 954 888 wisse-¹

92 960 161 1021 ua,
185 936 290 1022 probe
307 935 369 999 sibi
387 933 603 1016 persuadens,
627 950 662 999 ae
676 933 728 997 sic
746 924 813 999 iton
833 935 864 1001 in
884 934 957 1001 rui-⁵

86 1080 91 1122 ι
122 1056 264 1137 rebus,
297 1050 353 1117 sed
381 1068 484 1116 rerum
514 1065 696 1129 magnarum
724 1048 941 1117 fundamentis

89 1175 121 1240 ri
141 1216 159 1253 ‚
191 1184 255 1235 nec
281 1177 353 1233 case
388 1163 562 1246 quidquam
591 1178 758 1245 parvum,
792 1165 881 1246 quod
905 1162 947 1230 ad

86 1308 161 1369 rum
182 1284 281 1353 finem
298 1281 419 1347 tendat.
813 1267 819 1281 '

86 1422 187 1482 mo,
219 1398 307 1477 vitae
333 1397 467 1480 agendae
494 1410 695 1463 constantem
724 1393 865 1463 ordinem
889 1392 947 1463 ad·

86 1518 166 1597 bat3
182 1525 232 1578 ιιι
248 1525 354 1577 totum
371 1512 399 1575 ei
419 1522 547 1594 tempus
568 1514 601 1578 in
623 1528 700 1577 suas
719 1526 824 1593 partes
842 1511 953 1578 distri·
1054 1584 1056 1588 ,

86 1650 152 1713 tm,
172 1628 303 1711 cuique
320 1646 419 1709 penso
437 1646 473 1693 ac
496 1628 629 1712 negotio
658 1646 718 1694 sua
735 1647 809 1711 pars
825 1626 951 1694 consti-

92 1762 212 1828 esset3
237 1760 276 1812 ot
290 1761 327 1812 et
345 1746 451 1812 solitis
477 1746 576 1812 'rebus
594 1756 723 1829 tempus
748 1760 949 1827 superesset,

97 1848 225 1930 subitis
258 1862 394 1927 deesset.
442 1852 558 1942 ‘Atque
591 1862 649 1927 itae
675 1862 709 1926 in
734 1861 953 1942 dispensando

86 1962 174 2061 pore
182 1976 352 2061 diligentia
365 1992 397 2042 et
414 1976 508 2059 quasi
527 1979 735 2060 oeconomia,
755 1978 840 2043 iilud
854 1976 954 2046 etiam

86 2092 309 2175 sequebatur,
334 2105 371 2158 ut
389 2110 446 2158 nec
465 2109 572 2157 actum
596 2093 673 2172 quid
691 2092 719 2157 ei
736 2093 874 2175 periret,
892 2110 952 2159 nec

86 2208 180 2274 idum
203 2205 397 2271 elaberetur.
449 2206 560 2271 Veluti
587 2207 620 2271 in
640 2208 787 2289 legendis
799 2206 951 2274 Veterum

86 2318 153 2404 pti!
170 2319 339 2402 quidquid
365 2320 399 2384 in
425 2317 522 2383 rubus
543 2321 592 2386 aei
626 2321 734 2386 verbis
752 2322 959 2389 memorabile

86 2451 167 2519 rtet,
188 2437 225 2503 id
241 2416 400 2502 continuo
416 2437 450 2503 in
468 2438 691 2522 Adversaris,
715 2461 771 2521 per
786 2442 948 2515 literarum

86 2551 170 2617 inem
198 2542 346 2632 digestis
372 2551 565 2633 scribebat,
599 2555 682 2625 unde
718 2570 830 2637 postea
861 2556 958 2622 facile

86 2670 170 2751 ique
188 2680 373 2749 promereta
398 2668 428 2733 si
449 2671 529 2751 quid
548 2684 652 2736 autem
673 2671 701 2737 ei
719 2673 807 2739 aliud
826 2676 958 2759 agenti,

86 2788 141 2853 ito
168 2783 207 2849 in
235 2800 372 2850 mentem
395 2785 538 2870 veniret,
561 2789 691 2881 siquid
717 2792 811 2857 etiam
833 2811 873 2859 ex
889 2790 962 2858 aliis

86 2900 241 2979 rantibus
270 2901 419 2984 audiret,
447 2905 628 2987 agendum,
653 2908 892 2989 quaerendum,
916 2906 987 2974 ino>

86 3038 192 3101 tum,
214 3022 279 3088 boe
301 3023 409 3089 atatim
430 3024 463 3090 iu
485 3025 598 3090 iibeilo
617 3027 790 3093 memoriali
808 3029 966 3107 notabam*

86 3136 154 3205 nde
168 3139 278 3221 prouti
304 3154 390 3220 opus
415 3157 522 3219 esset,
544 3141 597 3206 uei
622 3141 758 3226 agebat,
781 3143 834 3208 vel
852 3142 885 3206 in
901 3138 969 3205 Adi

86 3253 175 3323 saria
188 3252 368 3320 referebat:
392 3259 470 3322 adeo
487 3257 643 3337 cavebat,
667 3276 708 3322 ne
723 3258 785 3322 stbi
803 3256 884 3338 quid
903 3253 968 3320 uti·

105 3371 209 3441 semel
227 3371 425 3453 cognitum,
449 3388 488 3436 ex
506 3371 657 3437 memoria
671 3371 820 3438 efflueret·

86 3486 159 3555 Duo
179 3504 289 3557 autem
314 3487 348 3553 in
376 3486 487 3568 primia
513 3485 549 3551 ei.
576 3484 792 3570 profuerunt‚
825 3500 907 3567 quae
929 3494 968 3551 ex

86 3602 156 3671 erili
191 3602 404 3669 institutione
439 3608 473 3671 in
509 3618 636 3673 nostrat
677 3606 807 3672 scholas
842 3606 969 3674 attulit.

86 3719 215 3804 imum,
238 3721 388 3803 cognitio
412 3718 640 3789 elementorum
666 3722 973 3804 Geometricorum,

86 3852 129 3905 iae
154 3856 353 3922 quamquam
385 3838 499 3904 ieviter
523 3853 695 3922 percepta,
719 3852 823 3906 tamen
846 3839 980 3904 eumad

86 3944 135 4019 iao
157 3953 351 4018 methodum
372 3950 571 4036 adsuefecit,
596 3968 633 4017 ιιι
651 3953 743 4019 mam
757 3955 789 4018 in
810 3952 929 4017 Litetis
948 3964 982 4014 et

86 4068 123 4133 iis
150 4066 345 4151 disciplinis
370 4068 417 4132 nil
444 4068 507 4134 sibi
523 4067 673 4133 traditum
697 4077 812 4132 temere
827 4084 888 4149 pro
908 4076 984 4127 vero

86 4186 233 4270 ciperet,
258 4185 319 4252 aed
343 4183 549 4255 definitiones
578 4203 614 4251 ae
632 4182 923 4255 demonstrationes
939 4196 989 4245 re·

91 4308 167 4379 Vol.
190 4306 240 4374 11.
602 4303 635 4371 X
923 4291 996 4383 qui·
