2362 4936
269 574 799 659 rnnnunsnnn-
926 596 1022 682 ,qa

86 765 251 835 ltlenreo.
299 767 388 836 Illud
412 767 551 835 fortasse
572 786 637 835 non
668 770 782 837 inutile
808 772 852 845 sit
879 777 1010 848 futuro·

86 883 218 967 eriptori
240 887 427 966 monendo,
453 885 605 965 quodque
627 888 784 967 quosdam
806 887 932 973 fugisse
947 898 1010 962 vi·-

86 998 193 1071 nnosr
215 1001 337 1088 hujus,
363 1015 399 1066 ut
420 999 611 1080 Curatoris,
637 1002 744 1066 nullas
772 1001 874 1071 fuisse
890 1025 996 1090 partes

86 1130 175 1183 nne
195 1115 331 1184 Leidtna
356 1117 524 1197 vocandos
550 1116 672 1198 quippe
694 1117 772 1198 qui,
798 1137 847 1184 me
871 1123 995 1192 dudunt

86 1244 201 1314 usto,
232 1232 379 1299 curator
409 1231 517 1298 factus
541 1230 604 1298 sita
636 1232 801 1313 mihique,
835 1235 1006 1318 aptiori·-

86 1360 131 1413 us
146 1343 370 1412 Curatoribus
387 1358 525 1425 vocato,
549 1343 685 1410 oblatam
702 1345 881 1411 cathedram
903 1365 996 1415 recu.

86 1478 138 1527 ure
156 1463 314 1529 suaserit:
338 1479 375 1530 ut
405 1465 499 1545 ipse,
522 1462 581 1527 illo
611 1461 713 1542 vivo,
734 1463 880 1545 narrari,
903 1464 995 1541 Bibl.

86 1571 152 1643 itit.
170 1574 206 1643 P.
223 1596 342 1643 xxvrn
366 1580 452 1662 (*).

104 1689 150 1758 ll.
174 1690 290 1759 Paucis
307 1707 383 1775 post
397 1692 509 1758 diebus
528 1679 623 1758 altera
639 1710 713 1759 sors
733 1691 811 1759 exiit
823 1692 895 1777 Jani
912 1695 995 1762 Der·
1124 1732 1128 1741 ·

86 1805 254 1890 inderedi,
271 1808 425 1892 discipuli
440 1809 634 1891 perrorantis
644 1824 794 1876 nostrum
806 1856 819 1890 ,
829 1829 924 1892 quern
936 1830 994 1879 an·

86 1939 119 1986 ea
130 1920 186 1987 bis
202 1938 508 2008 temeraveranras,
529 1938 565 1991 ut
583 1943 716 2009 magnos
732 1924 767 1991 in
782 1925 901 1992 Litetis
916 1946 1005 2010 pro-s
1071 1900 1077 1915 ¹

86 2054 201 2105 ’tessus
215 2040 381 2105 habentem
393 2061 403 2105 r
415 2042 553 2123 primum
567 2040 623 2122 ,in
640 2041 716 2106 Vlta
734 2041 869 2108 Davidis
879 2041 1005 2109 Rutu..

86 2154 179 2236 urnii,
199 2173 237 2238 p.
251 2173 312 2242 277
335 2159 434 2243 (s),
453 2159 565 2224 deinde
582 2160 618 2224 in
637 2160 860 2226 Annotatione
878 2162 918 2226 sd
934 2160 1002 2227 Ser

86 2285 149 2337 teta
164 2268 405 2338 Histoticotum
432 2272 653 2355 Graecorum,
682 2276 836 2343 editionis
860 2279 994 2346 alterius

86 2411 106 2451 r.
122 2385 198 2466 ⁴⁵⁶·
225 2382 335 2451 Pater
358 2400 528 2469 cargator,
560 2386 612 2463 vir
636 2400 797 2468 spectatae
819 2388 996 2457 industriae

86 2498 220 2583 efidei,
248 2502 482 2569 t'lmstelodami
509 2505 685 2586 catgariurn
717 2507 796 2589 (i)
825 2505 994 2587 negotium

86 2616 233 2683 satiabat
257 2636 334 2684 sane
352 2632 610 2699 quaestuosum:
642 2619 742 2684 eidern
772 2621 859 2684 hunc
887 2619 1001 2694 filiunt.

86 2733 306 2815 ostinmrat,
332 2736 455 2801 artibus
479 2736 604 2802 idoneis
620 2735 808 2820 linguisque
826 2736 1001 2807 hodiernis

86 2849 272 2916 ruditndunt
295 2866 481 2932 curaverat,
502 2853 632 2937 jamque
650 2853 827 2936 adjutorem
847 2852 911 2917 sibi
935 2853 1007 2923 ad«

86 2962 214 3030 ibebat:
237 2982 338 3046 quum
359 2966 410 3031 hic
427 2966 533 3048 forte,
558 2981 595 3032 ut
611 2964 748 3030 lectione
765 2967 921 3032 libr-orum
939 2965 1001 3030 de·-

86 3079 177 3145 ittari
188 3082 332 3162 solebat,
356 3083 390 3147 in
408 3081 596 3148 historiolae
612 3079 728 3147 Graeci
746 3079 924 3145 Romanive
943 3096 996 3144 ar·

86 3194 209 3263 umenti
225 3197 362 3277 incidit,
385 3197 523 3278 indeque
542 3197 600 3263 has
627 3195 753 3261 Literas
772 3192 916 3258 discendi
931 3191 996 3258 nai.

86 3310 295 3396 teupiditate
314 3313 467 3377 incensus
485 3325 546 3379 est.
578 3312 667 3395 Ergo
686 3310 875 3392 magistrum
894 3326 994 3389 quae-

86 3429 160 3497 ritr
187 3445 287 3513 quem
315 3428 465 3493 solertem
491 3440 629 3510 nactus,
652 3426 726 3493 inde
748 3424 768 3491 l
792 3423 906 3508 prinis
929 3426 995 3495 ele-

906 3555 998 3606 men·
1060 3599 1062 3603 ,

86 3657 577 3741 (⁸)[ttu1usvot.pug.65.]
682 3670 684 3674 “
1042 3668 1046 3675 ’

86 3767 128 3849 [ς
141 3765 327 3862 )’[Ηοηιω
346 3769 458 3841 opusc.
476 3769 543 3827 Vol.
561 3767 586 3837 l,
605 3780 670 3839 pag.
685 3756 777 3839 789.]

86 3871 164 3955 st)
197 3872 315 3932 Urimur
339 3874 451 3931 nornine
475 3872 605 3945 vulgari,
635 3886 694 3943 quo
712 3868 771 3926 fere
796 3864 901 3933 dicitur
925 3881 993 3952 pist·

86 3995 161 4040 ator
181 3976 303 4035 navium
331 3975 548 4044 onerandarum:
569 3976 639 4032 haec
658 3986 687 4031 et
704 3969 824 4041 similia,
845 3987 902 4033 non
921 3970 996 4026 mul·
1065 3994 1067 4001 2

88 4085 220 4145 diversa
251 4076 476 4152 significatione,
510 4093 641 4153 usurpata
664 4077 693 4133 in
722 4073 872 4132 Latinitate
900 4069 995 4130 Medd
1118 4076 1121 4087 '

86 4192 120 4251 i.
147 4182 226 4248 vad.
246 4183 414 4257 Ducangiur
434 4184 472 4245 T.
487 4185 521 4258 Ι,
541 4200 570 4258 p.
586 4184 654 4256 31'9.
674 4176 870 4253 carpenterius
890 4172 926 4235 T.
942 4173 994 4253 11,

86 4300 162 4361 ΒΜ·
539 4357 572 4427 X
595 4368 617 4447 ⁵
