2362 4936
82 602 489 695 ammireis
536 614 668 698 nnn
741 614 810 719 ur
880 676 884 685 .

82 816 178 876 suno
194 789 326 875 numine
337 808 522 894 contineri,
544 814 640 894 quani
658 821 716 897 per
729 813 805 906 plna
844 861 849 871 ,

82 925 181 993 usam.
223 925 324 1013 Quod
356 927 484 1010 quidem
502 942 574 997 tana
599 931 638 997 de
662 929 807 1001 nauus

82 1062 99 1109 n
122 1042 318 1110 Phoenicum
346 1058 378 1109 et
395 1044 629 1129 Aegyptiorum
652 1028 807 1131 sapiennss

82 1162 162 1228 mus.
199 1158 275 1224 Nisi
292 1137 379 1224 forte
391 1163 565 1241 putemus,
584 1178 641 1228 eoa
656 1176 724 1228 non
735 1170 808 1230 tan·

82 1292 115 1340 se
128 1272 292 1358 ingeniis,
311 1276 469 1356 unaarum
486 1275 548 1342 riri
568 1293 608 1343 ex
630 1276 735 1344 medio
755 1289 809 1343 ae·
933 1295 937 1303 ·

82 1387 165 1469 inei,
187 1386 244 1470 qui
260 1405 388 1454 errores
398 1387 546 1469 publicae
569 1389 734 1474 religionis
745 1389 806 1456 auo'

82 1516 251 1567 nsecratos
270 1519 444 1585 agnoscere
461 1506 649 1585 pot'ue'runt.

82 1634 114 1698 r,
133 1617 198 1701 jam
217 1618 300 1683 iliud
327 1618 561 1700 ostendamus,
578 1617 717 1704 judaeos
732 1624 809 1704 posi

82 1727 271 1798 Macedonis
289 1742 433 1815 tempora
458 1732 591 1804 Graecis
613 1736 739 1803 demum
757 1737 809 1804 ini

82 1856 113 1912 et
132 1845 173 1913 in
190 1847 396 1914 historiarum
416 1851 653 1935 monumentis,
675 1869 757 1934 quae
767 1844 808 1916 n·

82 1976 108 2029 m
135 1967 345 2047 antoeedunt,
374 1966 518 2034 nummis
542 1965 662 2035 factive
682 1968 810 2053 Judaici

82 2095 124 2144 un
142 2079 270 2162 quidem
284 2093 418 2148 exstare.
461 2080 562 2148 Multi
585 2100 626 2148 ea
648 2067 809 2163 Graecis,

82 2193 213 2261 inctrina
228 2208 260 2259 et
276 2194 407 2279 ingenio
422 2197 505 2280 viri,
519 2196 661 2281 Thales,
681 2195 807 2277 Solon,

82 2329 113 2391 t,
132 2309 363 2389 Democritus,
385 2309 498 2390 Plato,
519 2312 694 2394 sapientiae
715 2307 809 2376 ducti

82 2426 220 2511 ginquas
243 2425 387 2493 adierunt
409 2416 577 2510 regiones,
598 2426 807 2512 Aegyptum,

82 2559 120 2624 r,
149 2542 374 2624 Bubyionian.
424 2540 517 2631 Quid
545 2543 646 2626 igitur
675 2558 808 2609 caussae

89 2656 124 2724 in
139 2674 250 2723 eorum
274 2659 325 2722 vei
347 2655 476 2740 seriptis
492 2658 543 2724 aei
566 2658 644 2725 vitis
659 2676 695 2725 ae
710 2657 807 2725 rebus

82 2794 98 2842 a
121 2785 256 2858 prorsus
274 2773 466 2858 Judteorum
483 2773 539 2842 flut
555 2774 702 2842 mentioi
720 2771 811 2840 Tha·-

82 2891 141 2960 ›nis
161 2904 192 2957 et
217 2892 416 2976 Puthagorae
435 2906 578 2976 tempora
602 2890 748 2958 incidunt
771 2889 808 2958 in

82 3006 267 3094 eJudaicae
283 3008 545 3077 instaurationem
564 3028 603 3078 ex
623 3008 809 3093 captivitate
926 3052 957 3061 .-

82 3144 100 3193 ι.
147 3122 234 3188 Turn
252 3123 361 3205 Cyrus
378 3122 493 3207 Lydos
507 3137 539 3189 et
555 3120 711 3190 Croesum
729 3116 809 3185 sub·

82 3242 134 3327 ius
152 3258 201 3306 res
225 3258 299 3305 curn
318 3239 413 3306 rebus
432 3238 584 3307 Graeciae
599 3254 742 3322 magnam
760 3234 808 3302 si·-

84 3359 242 3424 abuerunt
258 3357 542 3443 conjunctionem
567 3370 606 3423 ut
629 3353 686 3423 vix
707 3346 810 3418 credi·

82 3473 202 3541 Jraecis
228 3471 314 3539 facta
336 3486 370 3538 et
390 3473 607 3559 expeditiones
633 3466 714 3554 Cyri
737 3462 811 3533 reii-

83 3606 132 3658 tas
152 3588 278 3672 inisse,
301 3589 482 3673 praesertim
507 3585 728 3670 sapientibus,
752 3581 812 3666 qui

82 3707 154 3775 siae
169 3721 288 3790 partem
306 3705 598 3791 peregrinabantur.
634 3702 759 3793 Quare,
781 3698 813 3768 si
950 3738 954 3746 ·

82 3840 170 3890 urum
192 3824 325 3907 aliquod
341 3837 480 3906 nornen,
501 3837 559 3889 aut
582 3800 666 3891 fama
692 3818 815 3890 doctm-

82 3959 87 4005 :
106 3940 192 4022 apud
207 3939 285 4006 alios
303 3952 436 4024 gentes,
458 3954 566 4007 nonne
582 3937 685 4006 Solon
706 3952 738 4003 et
763 3954 815 4001 re-

82 4074 120 4121 os
146 4053 408 4135 nominavimus,
439 4068 500 4138 pro
531 4070 571 4120 so
597 4071 665 4136 quo
688 4044 815 4117 incensi
892 4043 900 4057 '

82 4167 175 4235 :rinae
198 4184 330 4253 amore,
354 4184 457 4252 quum
476 4168 562 4256 apud
578 4162 761 4251 Aegyptios
782 4170 817 4230 et

384 4286 446 4356 Dd
717 4273 818 4345 chri·
