2362 4936
129 870 227 991 ΒΕ
268 885 498 988 OBITU
541 877 940 1010 VILLOIS'Oli

102 1315 175 1384 rx
208 1312 357 1379 aaut
395 1312 536 1384 onia.
567 1320 608 1381 ε.
633 1320 701 1384 xt.
729 1325 774 1412 p.
802 1326 903 1413 127,

374 1722 743 1776 -u—-a'

105 2006 397 2165 Vilioieonum,
420 2073 505 2156 heu!
529 2100 635 2170 nuper
658 2096 830 2167 nostrum,
853 2090 939 2156 mod<

102 2198 155 2270 bis
181 2216 344 2286 ereptum,
375 2199 504 2268 silentio
532 2205 722 2286 praeterire,
750 2222 808 2271 nec
835 2224 938 2275 recen:

102 2321 219 2403 dolor,
243 2337 301 2385 nec
322 2317 392 2403 ipse
420 2317 473 2382 hic
500 2317 582 2384 liber
606 2318 738 2402 patitur.
784 2320 823 2386 in
847 2322 938 2404 qu'o:

103 2435 152 2503 tii
187 2434 326 2503 aliorum
365 2431 477 2499 obitur
507 2432 680 2504 doctorum
718 2432 886 2502 hominum
923 2455 938 2503 r

103 2556 199 2630 mdo,
221 2550 260 2617 de
279 2548 468 2618 Villoiaono
496 2548 564 2617 non
584 2551 720 2632 referre,
747 2550 839 2620 nefas
861 2553 923 2621 rita

105 2684 180 2735 oum
201 2664 298 2732 nobis
325 2662 474 2744 quamvis
498 2662 631 2731 rudente
654 2678 749 2733 vetus
776 2670 938 2737 studiorur

101 2784 317 2877 §ciorumque
355 2779 560 2848 necessitudo
597 2779 825 2856 intercedebat.
887 2786 936 2854 Tr

101 2917 178 2991 mos
194 2897 247 2965 hic
271 2912 321 2965 est
343 2913 471 2978 annus,
493 2898 583 2979 quod
607 2916 658 2964 me
674 2897 709 2966 in
733 2900 930 2971 Parisiorum

101 3011 287 3086 studiorum
313 3007 504 3077 communio
522 3012 749 3095 compluribus
766 3016 874 3085 doctis
890 3019 936 3087 ho

102 3130 188 3225 iius,
221 3124 392 3210 inprimis
419 3112 630 3210 Viiloisono,
662 3126 922 3218 Sanctocrucio‚

102 3220 232 3333 mero,
273 3242 315 3311 ad
347 3235 493 3309 mutuant
535 3241 788 3314 benevolentiam
819 3250 937 3318 concili

102 3386 184 3459 qnae
198 3376 310 3449 postea
328 3360 368 3427 ad
388 3358 544 3427 amicitiae
559 3362 774 3429 constantiam
793 3366 932 3438 evaluit:

105 3482 235 3552 duobus
261 3477 351 3561 illia,
370 3491 505 3562 propter
520 3482 741 3562 aequalitatem
761 3483 894 3567 aetatis,
920 3506 937 3571 q

103 3603 196 3672 diana
219 3612 299 3666 tunc
317 3594 531 3663 familiaritate
555 3598 678 3669 floruit.
722 3581 826 3668 Erant
850 3603 934 3671 enim

99 3714 208 3791 rolu'm
231 3712 442 3786 eruditiorini
468 3713 636 3797 hominio,
666 3730 704 3783 ut
726 3718 877 3784 *uernam
899 3728 936 3786 nu

105 3852 281 3919 numquam
314 3831 455 3900 ἀεεεεεῑι
489 3832 546 3899 aed
576 3845 609 3900 et
639 3834 779 3902 modesti
807 3849 839 3902 et
866 3838 936 3923 jucr

102 3968 156 4036 ot,
177 3948 267 4033 quod
284 3947 493 4032 praecipuum
515 3963 588 4030 ert,
607 3947 669 4017 viri
685 3949 764 4017 b'oni
788 3970 824 4018 ac
853 3955 937 4035 prob

103 4089 153 4141 me
170 4065 339 4146 amabant,
361 4077 393 4129 et
414 4081 551 4130 amorem
569 4064 683 4131 multis
700 4063 815 4132 officiis
832 4085 936 4152 comp:

100 4184 201 4270 iant,
227 4196 288 4250 nec
318 4197 355 4248 aa
386 4179 667 4256 commemorando
692 4192 752 4255 aut
773 4183 936 4271 exprobra

299 4480 305 4488 “
396 4478 483 4495 bonno-
