<?xml version="1.0" encoding="UTF-8"?>
<!DOCTYPE html PUBLIC "-//W3C//DTD XHTML 1.0 Transitional//EN"
    "http://www.w3.org/TR/xhtml1/DTD/xhtml1-transitional.dtd">
<html xmlns="http://www.w3.org/1999/xhtml" xml:lang="en" lang="en">
 <head>
  <title>
</title>
<meta http-equiv="Content-Type" content="text/html;charset=utf-8" />
  <meta name='ocr-system' content='tesseract 3.04.00' />
  <meta name='ocr-capabilities' content='ocr_page ocr_carea ocr_par ocr_line ocrx_word'/>
</head>
<body>
  <div class='ocr_page' id='page_1' title='image "./opusculavariiar00wyttgoog/opusculavariiar00wyttgoog_0373.png"; bbox 0 0 2362 4936; ppageno 0'>
   <div class='ocr_carea' id='block_1_1' title="bbox 104 517 795 618">
    <p class='ocr_par' dir='ltr' id='par_1_1' title="bbox 104 517 795 618">
     <span class='ocr_line' id='line_1_1' title="bbox 104 517 795 618; baseline -0.014 -21"><span class='ocrx_word' id='word_1_1' title='bbox 104 527 173 618; x_wconf 68' lang='lat' dir='ltr'><em>40s</em></span> <span class='ocrx_word' id='word_1_2' title='bbox 330 517 795 595; x_wconf 72' lang='lat' dir='ltr'><em>ntstttsssto.</em></span> 
     </span>
    </p>
   </div>
   <div class='ocr_carea' id='block_1_2' title="bbox 101 707 918 2180">
    <p class='ocr_par' dir='ltr' id='par_1_2' title="bbox 101 707 918 2180">
     <span class='ocr_line' id='line_1_2' title="bbox 118 707 916 796; baseline -0.01 -12"><span class='ocrx_word' id='word_1_3' title='bbox 118 729 196 796; x_wconf 85' lang='lat' dir='ltr'><em>tur,</em></span> <span class='ocrx_word' id='word_1_4' title='bbox 219 711 265 779; x_wconf 83' lang='lat' dir='ltr'><em>its</em></span> <span class='ocrx_word' id='word_1_5' title='bbox 286 708 327 777; x_wconf 89' lang='lat' dir='ltr'><em>de</em></span> <span class='ocrx_word' id='word_1_6' title='bbox 349 726 389 775; x_wconf 82' lang='lat' dir='ltr'><em>eo</em></span> <span class='ocrx_word' id='word_1_7' title='bbox 411 707 580 790; x_wconf 84' lang='lat' dir='ltr'><em>loquitur,</em></span> <span class='ocrx_word' id='word_1_8' title='bbox 603 719 639 771; x_wconf 90' lang='lat' dir='ltr'><em>ut</em></span> <span class='ocrx_word' id='word_1_9' title='bbox 656 724 729 774; x_wconf 84' lang='lat' dir='ltr'><em>eum</em></span> <span class='ocrx_word' id='word_1_10' title='bbox 747 724 807 793; x_wconf 75' lang='lat' dir='ltr'><em>pso</em></span> <span class='ocrx_word' id='word_1_11' title='bbox 822 721 916 776; x_wconf 83' lang='lat' dir='ltr'><em>usoet</em></span> 
     </span>
     <span class='ocr_line' id='line_1_3' title="bbox 116 821 918 908; baseline -0.01 -10"><span class='ocrx_word' id='word_1_12' title='bbox 116 848 175 898; x_wconf 84' lang='lat' dir='ltr'><em>mo</em></span> <span class='ocrx_word' id='word_1_13' title='bbox 194 829 286 906; x_wconf 84' lang='lat' dir='ltr'>Deo,</span> <span class='ocrx_word' id='word_1_14' title='bbox 311 823 368 905; x_wconf 87' lang='lat' dir='ltr'><em>qui</em></span> <span class='ocrx_word' id='word_1_15' title='bbox 395 821 531 889; x_wconf 85' lang='lat' dir='ltr'><em>nomine</em></span> <span class='ocrx_word' id='word_1_16' title='bbox 557 836 681 905; x_wconf 72' lang='lat' dir='ltr'><em>tuntum</em></span> <span class='ocrx_word' id='word_1_17' title='bbox 706 843 724 888; x_wconf 88' lang='lat' dir='ltr'>a</span> <span class='ocrx_word' id='word_1_18' title='bbox 746 822 827 907; x_wconf 84' lang='lat' dir='ltr'>Jove</span> <span class='ocrx_word' id='word_1_19' title='bbox 846 824 918 908; x_wconf 74' lang='lat' dir='ltr'><em>retiqi</em></span> 
     </span>
     <span class='ocr_line' id='line_1_4' title="bbox 118 935 918 1018; baseline -0.011 -7"><span class='ocrx_word' id='word_1_20' title='bbox 118 939 323 1011; x_wconf 75' lang='lat' dir='ltr'>Numinibus</span> <span class='ocrx_word' id='word_1_21' title='bbox 346 935 500 1018; x_wconf 82' lang='lat' dir='ltr'><em>differet,</em></span> <span class='ocrx_word' id='word_1_22' title='bbox 522 937 637 1016; x_wconf 81' lang='lat' dir='ltr'>habere</span> <span class='ocrx_word' id='word_1_23' title='bbox 658 938 824 1006; x_wconf 77' lang='lat' dir='ltr'><em>videatuss</em></span> <span class='ocrx_word' id='word_1_24' title='bbox 845 958 918 1006; x_wconf 76' lang='lat' dir='ltr'><em>cums</em></span> 
     </span>
     <span class='ocr_line' id='line_1_5' title="bbox 120 1052 918 1140; baseline -0.008 -14"><span class='ocrx_word' id='word_1_25' title='bbox 120 1059 245 1127; x_wconf 78' lang='lat' dir='ltr'><em>unitate</em></span> <span class='ocrx_word' id='word_1_26' title='bbox 265 1056 335 1140; x_wconf 83' lang='lat' dir='ltr'><em>ejus</em></span> <span class='ocrx_word' id='word_1_27' title='bbox 354 1067 485 1120; x_wconf 76' lang='lat' dir='ltr'><em>naturae</em></span> <span class='ocrx_word' id='word_1_28' title='bbox 502 1052 658 1132; x_wconf 77' lang='lat' dir='ltr'>disserat,</span> <span class='ocrx_word' id='word_1_29' title='bbox 682 1065 769 1135; x_wconf 75' lang='lat' dir='ltr'><em>patet</em></span> <span class='ocrx_word' id='word_1_30' title='bbox 788 1071 855 1120; x_wconf 74' lang='lat' dir='ltr'><em>eum</em></span> <span class='ocrx_word' id='word_1_31' title='bbox 870 1054 918 1137; x_wconf 81' lang='lat' dir='ltr'><em>ipsi</em></span> 
     </span>
     <span class='ocr_line' id='line_1_6' title="bbox 118 1148 918 1256; baseline 0 -23"><span class='ocrx_word' id='word_1_32' title='bbox 118 1181 332 1256; x_wconf 80' lang='lat' dir='ltr'><em>perstructsm</em></span> <span class='ocrx_word' id='word_1_33' title='bbox 345 1148 424 1231; x_wconf 60' lang='lat' dir='ltr'>&#39;esse</span> <span class='ocrx_word' id='word_1_34' title='bbox 449 1164 565 1232; x_wconf 79' lang='lat' dir='ltr'><em>unitati</em></span> <span class='ocrx_word' id='word_1_35' title='bbox 593 1166 795 1249; x_wconf 85' lang='lat' dir='ltr'><strong>individuae,</strong></span> <span class='ocrx_word' id='word_1_36' title='bbox 818 1187 873 1251; x_wconf 78' lang='lat' dir='ltr'><em>seu</em></span> <span class='ocrx_word' id='word_1_37' title='bbox 889 1186 918 1235; x_wconf 83' lang='lat' dir='ltr'><em>ss</em></span> 
     </span>
     <span class='ocr_line' id='line_1_7' title="bbox 119 1280 918 1367; baseline -0.005 -16"><span class='ocrx_word' id='word_1_38' title='bbox 119 1299 160 1351; x_wconf 83' lang='lat' dir='ltr'><em>ut</em></span> <span class='ocrx_word' id='word_1_39' title='bbox 174 1301 249 1353; x_wconf 84' lang='lat' dir='ltr'><em>cum</em></span> <span class='ocrx_word' id='word_1_40' title='bbox 271 1282 362 1350; x_wconf 87' lang='lat' dir='ltr'><em>Deus</em></span> <span class='ocrx_word' id='word_1_41' title='bbox 381 1280 489 1357; x_wconf 79' lang='lat' dir='ltr'><em>omnis</em></span> <span class='ocrx_word' id='word_1_42' title='bbox 515 1298 596 1359; x_wconf 85' lang='lat' dir='ltr'><em>quae</em></span> <span class='ocrx_word' id='word_1_43' title='bbox 622 1280 655 1349; x_wconf 89' lang='lat' dir='ltr'><em>in</em></span> <span class='ocrx_word' id='word_1_44' title='bbox 677 1284 748 1367; x_wconf 87' lang='lat' dir='ltr'><em>ejus</em></span> <span class='ocrx_word' id='word_1_45' title='bbox 772 1295 918 1363; x_wconf 68' lang='lat' dir='ltr'><em>nutum</em></span> 
     </span>
     <span class='ocr_line' id='line_1_8' title="bbox 118 1396 918 1485; baseline -0.005 -20"><span class='ocrx_word' id='word_1_46' title='bbox 118 1411 287 1485; x_wconf 81' lang='lat' dir='ltr'><em>possunt,</em></span> <span class='ocrx_word' id='word_1_47' title='bbox 308 1396 407 1463; x_wconf 85' lang='lat' dir='ltr'><em>simul</em></span> <span class='ocrx_word' id='word_1_48' title='bbox 436 1408 468 1460; x_wconf 84' lang='lat' dir='ltr'><em>et</em></span> <span class='ocrx_word' id='word_1_49' title='bbox 492 1412 618 1478; x_wconf 84' lang='lat' dir='ltr'>semper</span> <span class='ocrx_word' id='word_1_50' title='bbox 639 1397 918 1479; x_wconf 79' lang='lat' dir='ltr'><em>complectetur,s</em></span> 
     </span>
     <span class='ocr_line' id='line_1_9' title="bbox 120 1510 918 1597; baseline -0.008 -14"><span class='ocrx_word' id='word_1_51' title='bbox 120 1531 249 1597; x_wconf 84' lang='lat' dir='ltr'>semper</span> <span class='ocrx_word' id='word_1_52' title='bbox 270 1530 356 1579; x_wconf 87' lang='lat' dir='ltr'><em>unus</em></span> <span class='ocrx_word' id='word_1_53' title='bbox 380 1525 411 1577; x_wconf 90' lang='lat' dir='ltr'><em>et</em></span> <span class='ocrx_word' id='word_1_54' title='bbox 436 1511 520 1578; x_wconf 86' lang='lat' dir='ltr'><em>idem</em></span> <span class='ocrx_word' id='word_1_55' title='bbox 546 1510 612 1592; x_wconf 89' lang='lat' dir='ltr'><em>sit,</em></span> <span class='ocrx_word' id='word_1_56' title='bbox 635 1511 730 1577; x_wconf 82' lang='lat' dir='ltr'><em>etiam</em></span> <span class='ocrx_word' id='word_1_57' title='bbox 756 1510 918 1597; x_wconf 81' lang='lat' dir='ltr'><em>significem</em></span> 
     </span>
     <span class='ocr_line' id='line_1_10' title="bbox 101 1623 918 1717; baseline -0.01 -21"><span class='ocrx_word' id='word_1_58' title='bbox 101 1630 184 1717; x_wconf 79' lang='lat' dir='ltr'><em>,lem</em></span> <span class='ocrx_word' id='word_1_59' title='bbox 209 1643 354 1696; x_wconf 77' lang='lat' dir='ltr'><em>naturam</em></span> <span class='ocrx_word' id='word_1_60' title='bbox 380 1644 417 1691; x_wconf 77' lang='lat' dir='ltr'><em>ee</em></span> <span class='ocrx_word' id='word_1_61' title='bbox 442 1625 509 1695; x_wconf 85' lang='lat' dir='ltr'><em>vim</em></span> <span class='ocrx_word' id='word_1_62' title='bbox 538 1642 605 1691; x_wconf 87' lang='lat' dir='ltr'><em>non</em></span> <span class='ocrx_word' id='word_1_63' title='bbox 629 1624 664 1691; x_wconf 88' lang='lat' dir='ltr'><em>in</em></span> <span class='ocrx_word' id='word_1_64' title='bbox 692 1624 843 1707; x_wconf 83' lang='lat' dir='ltr'><em>pluribus</em></span> <span class='ocrx_word' id='word_1_65' title='bbox 866 1623 918 1692; x_wconf 84' lang='lat' dir='ltr'><em>sub</em></span> 
     </span>
     <span class='ocr_line' id='line_1_11' title="bbox 117 1739 918 1832; baseline -0.01 -19"><span class='ocrx_word' id='word_1_66' title='bbox 117 1744 177 1813; x_wconf 84' lang='lat' dir='ltr'><em>sed</em></span> <span class='ocrx_word' id='word_1_67' title='bbox 197 1743 232 1809; x_wconf 89' lang='lat' dir='ltr'><em>in</em></span> <span class='ocrx_word' id='word_1_68' title='bbox 252 1760 319 1808; x_wconf 85' lang='lat' dir='ltr'><em>uno</em></span> <span class='ocrx_word' id='word_1_69' title='bbox 344 1754 467 1808; x_wconf 82' lang='lat' dir='ltr'><em>tuntum</em></span> <span class='ocrx_word' id='word_1_70' title='bbox 481 1786 497 1832; x_wconf 7' lang='lat' dir='ltr'><em>,b</em></span> <span class='ocrx_word' id='word_1_71' title='bbox 527 1741 644 1807; x_wconf 87' lang='lat' dir='ltr'><em>inesse.</em></span> <span class='ocrx_word' id='word_1_72' title='bbox 690 1739 833 1829; x_wconf 79' lang='lat' dir='ltr'><em>Itaque,</em></span> <span class='ocrx_word' id='word_1_73' title='bbox 860 1741 918 1821; x_wconf 77' lang='lat' dir='ltr'><em>ait,</em></span> 
     </span>
     <span class='ocr_line' id='line_1_12' title="bbox 118 1855 918 1949; baseline 0 -26"><span class='ocrx_word' id='word_1_74' title='bbox 118 1857 209 1949; x_wconf 75' lang='lat' dir='ltr'><em>quad</em></span> <span class='ocrx_word' id='word_1_75' title='bbox 229 1871 297 1940; x_wconf 84' lang='lat' dir='ltr'><em>ast,</em></span> <span class='ocrx_word' id='word_1_76' title='bbox 328 1877 391 1929; x_wconf 88' lang='lat' dir='ltr'><em>nan</em></span> <span class='ocrx_word' id='word_1_77' title='bbox 423 1859 502 1923; x_wconf 83' lang='lat' dir='ltr'><em>liant</em></span> <span class='ocrx_word' id='word_1_78' title='bbox 525 1856 655 1938; x_wconf 76' lang='lat' dir='ltr'><em>dicere,</em></span> <span class='ocrx_word' id='word_1_79' title='bbox 677 1855 787 1941; x_wconf 81' lang='lat' dir='ltr'><em>fuisse</em></span> <span class='ocrx_word' id='word_1_80' title='bbox 811 1858 852 1924; x_wconf 82' lang='lat' dir='ltr'><em>id</em></span> <span class='ocrx_word' id='word_1_81' title='bbox 869 1872 918 1925; x_wconf 83' lang='lat' dir='ltr'><em>aut</em></span> 
     </span>
     <span class='ocr_line' id='line_1_13' title="bbox 120 1973 903 2066; baseline -0.001 -23"><span class='ocrx_word' id='word_1_82' title='bbox 120 1995 207 2066; x_wconf 80' lang='lat' dir='ltr'><em>quas</em></span> <span class='ocrx_word' id='word_1_83' title='bbox 221 1975 322 2046; x_wconf 74' lang='lat' dir='ltr'><em>saria</em></span> <span class='ocrx_word' id='word_1_84' title='bbox 339 1973 584 2043; x_wconf 79' lang='lat' dir='ltr'><em>inclinationem</em></span> <span class='ocrx_word' id='word_1_85' title='bbox 603 1974 793 2061; x_wconf 84' lang='lat' dir='ltr'><em>significant</em></span> <span class='ocrx_word' id='word_1_86' title='bbox 816 1994 903 2065; x_wconf 71' lang='lat' dir='ltr'><em>atqua</em></span> 
     </span>
     <span class='ocr_line' id='line_1_14' title="bbox 120 2089 918 2180; baseline -0.001 -21"><span class='ocrx_word' id='word_1_87' title='bbox 120 2112 192 2161; x_wconf 89' lang='lat' dir='ltr'><em>sum</em></span> <span class='ocrx_word' id='word_1_88' title='bbox 215 2111 257 2159; x_wconf 81' lang='lat' dir='ltr'><em>aa</em></span> <span class='ocrx_word' id='word_1_89' title='bbox 280 2093 512 2174; x_wconf 77' lang='lat' dir='ltr'><em>mutationem,</em></span> <span class='ocrx_word' id='word_1_90' title='bbox 533 2112 617 2180; x_wconf 81' lang='lat' dir='ltr'><em>quas</em></span> <span class='ocrx_word' id='word_1_91' title='bbox 643 2091 747 2165; x_wconf 83' lang='lat' dir='ltr'><em>iocum</em></span> <span class='ocrx_word' id='word_1_92' title='bbox 772 2096 810 2158; x_wconf 87' lang='lat' dir='ltr'><em>in</em></span> <span class='ocrx_word' id='word_1_93' title='bbox 838 2092 894 2158; x_wconf 69' lang='lat' dir='ltr'><em>Eo</em></span> <span class='ocrx_word' id='word_1_94' title='bbox 905 2089 918 2175; x_wconf 73' lang='lat' dir='ltr'><em>i</em></span> 
     </span>
    </p>
   </div>
   <div class='ocr_carea' id='block_1_3' title="bbox 8 2192 918 2279">
    <p class='ocr_par' dir='ltr' id='par_1_3' title="bbox 8 2192 918 2279">
     <span class='ocr_line' id='line_1_15' title="bbox 8 2192 918 2279; baseline -0.005 0"><span class='ocrx_word' id='word_1_95' title='bbox 8 2192 12 2198; x_wconf 44' lang='grc'><em>’</em></span> <span class='ocrx_word' id='word_1_96' title='bbox 123 2210 214 2279; x_wconf 75' lang='lat' dir='ltr'><em>EST</em></span> <span class='ocrx_word' id='word_1_97' title='bbox 237 2210 454 2279; x_wconf 79' lang='lat' dir='ltr'><em>minitabant.</em></span> <span class='ocrx_word' id='word_1_98' title='bbox 508 2211 574 2277; x_wconf 79' lang='lat' dir='ltr'><em>Sed</em></span> <span class='ocrx_word' id='word_1_99' title='bbox 593 2214 645 2278; x_wconf 87' lang='lat' dir='ltr'><em>ita</em></span> <span class='ocrx_word' id='word_1_100' title='bbox 672 2226 718 2276; x_wconf 87' lang='lat' dir='ltr'><em>est</em></span> <span class='ocrx_word' id='word_1_101' title='bbox 742 2211 918 2278; x_wconf 77' lang='lat' dir='ltr'><em>dicendum:</em></span> 
     </span>
    </p>
   </div>
   <div class='ocr_carea' id='block_1_4' title="bbox 119 2327 918 4038">
    <p class='ocr_par' dir='ltr' id='par_1_4' title="bbox 119 2327 918 4038">
     <span class='ocr_line' id='line_1_16' title="bbox 123 2327 918 2417; baseline -0.001 -23"><span class='ocrx_word' id='word_1_102' title='bbox 123 2340 194 2410; x_wconf 87' lang='lat' dir='ltr'><em>nst,</em></span> <span class='ocrx_word' id='word_1_103' title='bbox 216 2349 315 2417; x_wconf 79' lang='lat' dir='ltr'><em>nequa</em></span> <span class='ocrx_word' id='word_1_104' title='bbox 332 2347 407 2396; x_wconf 79' lang='lat' dir='ltr'><em>tara</em></span> <span class='ocrx_word' id='word_1_105' title='bbox 422 2343 468 2395; x_wconf 82' lang='lat' dir='ltr'><em>est</em></span> <span class='ocrx_word' id='word_1_106' title='bbox 485 2330 521 2393; x_wconf 90' lang='lat' dir='ltr'><em>in</em></span> <span class='ocrx_word' id='word_1_107' title='bbox 547 2341 710 2415; x_wconf 80' lang='lat' dir='ltr'><em>tempora,</em></span> <span class='ocrx_word' id='word_1_108' title='bbox 732 2327 793 2395; x_wconf 80' lang='lat' dir='ltr'><em>sui</em></span> <span class='ocrx_word' id='word_1_109' title='bbox 812 2334 850 2395; x_wconf 90' lang='lat' dir='ltr'><em>in</em></span> <span class='ocrx_word' id='word_1_110' title='bbox 870 2340 918 2394; x_wconf 82' lang='lat' dir='ltr'><em>aet</em></span> 
     </span>
     <span class='ocr_line' id='line_1_17' title="bbox 123 2444 918 2534; baseline -0.001 -22"><span class='ocrx_word' id='word_1_111' title='bbox 123 2458 159 2512; x_wconf 83' lang='lat' dir='ltr'><em>ta</em></span> <span class='ocrx_word' id='word_1_112' title='bbox 166 2444 321 2511; x_wconf 84' lang='lat' dir='ltr'><em>immobili</em></span> <span class='ocrx_word' id='word_1_113' title='bbox 337 2457 368 2509; x_wconf 84' lang='lat' dir='ltr'><em>st</em></span> <span class='ocrx_word' id='word_1_114' title='bbox 387 2456 520 2533; x_wconf 77' lang='lat' dir='ltr'><em>superte</em></span> <span class='ocrx_word' id='word_1_115' title='bbox 537 2447 725 2512; x_wconf 80' lang='lat' dir='ltr'><em>mutationis</em></span> <span class='ocrx_word' id='word_1_116' title='bbox 741 2464 782 2510; x_wconf 87' lang='lat' dir='ltr'><em>aa</em></span> <span class='ocrx_word' id='word_1_117' title='bbox 798 2458 918 2534; x_wconf 80' lang='lat' dir='ltr'><em>tempas</em></span> 
     </span>
     <span class='ocr_line' id='line_1_18' title="bbox 123 2560 918 2649; baseline -0.005 -19"><span class='ocrx_word' id='word_1_118' title='bbox 123 2562 278 2631; x_wconf 77' lang='lat' dir='ltr'><em>nitunt</em></span> <span class='ocrx_word' id='word_1_119' title='bbox 300 2580 400 2647; x_wconf 82' lang='lat' dir='ltr'><em>nequa</em></span> <span class='ocrx_word' id='word_1_120' title='bbox 425 2564 543 2649; x_wconf 78' lang='lat' dir='ltr'><em>prius,</em></span> <span class='ocrx_word' id='word_1_121' title='bbox 565 2560 860 2649; x_wconf 70' lang='lat' dir='ltr'><em>manummerias,</em></span> <span class='ocrx_word' id='word_1_122' title='bbox 881 2581 918 2626; x_wconf 82' lang='lat' dir='ltr'><em>na</em></span> 
     </span>
     <span class='ocr_line' id='line_1_19' title="bbox 121 2656 918 2764; baseline -0.003 -23"><span class='ocrx_word' id='word_1_123' title='bbox 121 2679 259 2742; x_wconf 76' lang='lat' dir='ltr'><em>centius.</em></span> <span class='ocrx_word' id='word_1_124' title='bbox 302 2674 369 2740; x_wconf 83' lang='lat' dir='ltr'><em>Sed</em></span> <span class='ocrx_word' id='word_1_125' title='bbox 386 2690 467 2752; x_wconf 80' lang='lat' dir='ltr'><em>unus</em></span> <span class='ocrx_word' id='word_1_126' title='bbox 490 2697 562 2742; x_wconf 87' lang='lat' dir='ltr'><em>aum</em></span> <span class='ocrx_word' id='word_1_127' title='bbox 587 2656 629 2741; x_wconf 84' lang='lat' dir='ltr'><em>sit</em></span> <span class='ocrx_word' id='word_1_128' title='bbox 656 2676 768 2759; x_wconf 82' lang='lat' dir='ltr'><em>Deus,</em></span> <span class='ocrx_word' id='word_1_129' title='bbox 800 2696 864 2741; x_wconf 89' lang='lat' dir='ltr'><em>una</em></span> <span class='ocrx_word' id='word_1_130' title='bbox 879 2692 918 2764; x_wconf 84' lang='lat' dir='ltr'><em>ps</em></span> 
     </span>
     <span class='ocr_line' id='line_1_20' title="bbox 123 2789 918 2878; baseline -0.001 -19"><span class='ocrx_word' id='word_1_131' title='bbox 123 2789 311 2860; x_wconf 77' lang='lat' dir='ltr'><em>durationis</em></span> <span class='ocrx_word' id='word_1_132' title='bbox 330 2805 484 2858; x_wconf 77' lang='lat' dir='ltr'><em>momenta</em></span> <span class='ocrx_word' id='word_1_133' title='bbox 516 2795 585 2878; x_wconf 85' lang='lat' dir='ltr'><em>(isi</em></span> <span class='ocrx_word' id='word_1_134' title='bbox 606 2798 649 2878; x_wconf 69' lang='lat' dir='ltr'><em>mi</em></span> <span class='ocrx_word' id='word_1_135' title='bbox 667 2795 746 2878; x_wconf 82' lang='lat' dir='ltr'><em>sis)</em></span> <span class='ocrx_word' id='word_1_136' title='bbox 778 2805 879 2865; x_wconf 81' lang='lat' dir='ltr'><em>tutam</em></span> <span class='ocrx_word' id='word_1_137' title='bbox 904 2815 918 2858; x_wconf 83' lang='lat' dir='ltr'><em>a</em></span> 
     </span>
     <span class='ocr_line' id='line_1_21' title="bbox 123 2907 918 2997; baseline -0.003 -23"><span class='ocrx_word' id='word_1_138' title='bbox 123 2907 395 2995; x_wconf 85' lang='lat' dir='ltr'><em>tatsmcamplst:</em></span> <span class='ocrx_word' id='word_1_139' title='bbox 418 2921 449 2973; x_wconf 83' lang='lat' dir='ltr'><em>st</em></span> <span class='ocrx_word' id='word_1_140' title='bbox 469 2907 570 2975; x_wconf 87' lang='lat' dir='ltr'><em>salu-m</em></span> <span class='ocrx_word' id='word_1_141' title='bbox 590 2910 697 2990; x_wconf 81' lang='lat' dir='ltr'><em>iilud,</em></span> <span class='ocrx_word' id='word_1_142' title='bbox 720 2909 806 2997; x_wconf 81' lang='lat' dir='ltr'><em>quod</em></span> <span class='ocrx_word' id='word_1_143' title='bbox 819 2915 857 2976; x_wconf 88' lang='lat' dir='ltr'><em>in</em></span> <span class='ocrx_word' id='word_1_144' title='bbox 872 2923 918 2975; x_wconf 79' lang='lat' dir='ltr'><em>act</em></span> 
     </span>
     <span class='ocr_line' id='line_1_22' title="bbox 124 3024 918 3109; baseline -0.004 -18"><span class='ocrx_word' id='word_1_145' title='bbox 124 3036 157 3091; x_wconf 82' lang='lat' dir='ltr'><em>ts</em></span> <span class='ocrx_word' id='word_1_146' title='bbox 172 3036 238 3107; x_wconf 84' lang='lat' dir='ltr'><em>stt,</em></span> <span class='ocrx_word' id='word_1_147' title='bbox 256 3043 373 3093; x_wconf 77' lang='lat' dir='ltr'><em>setara</em></span> <span class='ocrx_word' id='word_1_148' title='bbox 388 3038 456 3109; x_wconf 82' lang='lat' dir='ltr'><em>est,</em></span> <span class='ocrx_word' id='word_1_149' title='bbox 475 3046 537 3092; x_wconf 88' lang='lat' dir='ltr'><em>nan</em></span> <span class='ocrx_word' id='word_1_150' title='bbox 554 3024 706 3108; x_wconf 81' lang='lat' dir='ltr'><em>factum,</em></span> <span class='ocrx_word' id='word_1_151' title='bbox 723 3046 786 3093; x_wconf 87' lang='lat' dir='ltr'><em>nan</em></span> <span class='ocrx_word' id='word_1_152' title='bbox 792 3025 918 3108; x_wconf 82' lang='lat' dir='ltr'><em>futuru</em></span> 
     </span>
     <span class='ocr_line' id='line_1_23' title="bbox 120 3139 918 3228; baseline -0.003 -23"><span class='ocrx_word' id='word_1_153' title='bbox 120 3142 362 3228; x_wconf 80' lang='lat' dir='ltr'><em>praeteritum,</em></span> <span class='ocrx_word' id='word_1_154' title='bbox 387 3161 485 3228; x_wconf 76' lang='lat' dir='ltr'><em>nequa</em></span> <span class='ocrx_word' id='word_1_155' title='bbox 500 3160 627 3222; x_wconf 80' lang='lat' dir='ltr'><em>assunt,</em></span> <span class='ocrx_word' id='word_1_156' title='bbox 645 3161 745 3228; x_wconf 84' lang='lat' dir='ltr'><em>nequa</em></span> <span class='ocrx_word' id='word_1_157' title='bbox 761 3139 918 3206; x_wconf 79' lang='lat' dir='ltr'><em>desiturus</em></span> 
     </span>
     <span class='ocr_line' id='line_1_24' title="bbox 122 3255 918 3343; baseline -0.003 -20"><span class='ocrx_word' id='word_1_158' title='bbox 122 3257 231 3343; x_wconf 81' lang='lat' dir='ltr'><em>igitur</em></span> <span class='ocrx_word' id='word_1_159' title='bbox 238 3255 328 3324; x_wconf 83' lang='lat' dir='ltr'><em>Dans</em></span> <span class='ocrx_word' id='word_1_160' title='bbox 344 3280 366 3324; x_wconf 88' lang='lat' dir='ltr'><em>a</em></span> <span class='ocrx_word' id='word_1_161' title='bbox 382 3258 548 3324; x_wconf 87' lang='lat' dir='ltr'><em>nobiscum</em></span> <span class='ocrx_word' id='word_1_162' title='bbox 559 3259 764 3326; x_wconf 74' lang='lat' dir='ltr'><em>ueneratione</em></span> <span class='ocrx_word' id='word_1_163' title='bbox 780 3258 918 3323; x_wconf 79' lang='lat' dir='ltr'><em>salutatu</em></span> 
     </span>
     <span class='ocr_line' id='line_1_25' title="bbox 126 3367 918 3463; baseline 0.006 -27"><span class='ocrx_word' id='word_1_164' title='bbox 126 3367 189 3436; x_wconf 75' lang='lat' dir='ltr'><em>Es</em></span> <span class='ocrx_word' id='word_1_165' title='bbox 207 3370 344 3439; x_wconf 86' lang='lat' dir='ltr'><em>UNUS.</em></span> <span class='ocrx_word' id='word_1_166' title='bbox 387 3372 466 3439; x_wconf 90' lang='lat' dir='ltr'><em>Nan</em></span> <span class='ocrx_word' id='word_1_167' title='bbox 488 3379 572 3439; x_wconf 78' lang='lat' dir='ltr'><em>enim</em></span> <span class='ocrx_word' id='word_1_168' title='bbox 597 3371 838 3439; x_wconf 76' lang='lat' dir='ltr'><em>multitudinem</em></span> <span class='ocrx_word' id='word_1_169' title='bbox 858 3389 918 3463; x_wconf 84' lang='lat' dir='ltr'><em>capt</em></span> 
     </span>
     <span class='ocr_line' id='line_1_26' title="bbox 123 3489 917 3575; baseline 0.004 -24"><span class='ocrx_word' id='word_1_170' title='bbox 123 3504 170 3551; x_wconf 85' lang='lat' dir='ltr'><em>tta</em></span> <span class='ocrx_word' id='word_1_171' title='bbox 187 3499 313 3555; x_wconf 82' lang='lat' dir='ltr'><em>natura</em></span> <span class='ocrx_word' id='word_1_172' title='bbox 334 3489 395 3572; x_wconf 78' lang='lat' dir='ltr'><em>(asi</em></span> <span class='ocrx_word' id='word_1_173' title='bbox 409 3492 470 3575; x_wconf 71' lang='lat' dir='ltr'><em>raia</em></span> <span class='ocrx_word' id='word_1_174' title='bbox 484 3495 590 3561; x_wconf 68' lang='lat' dir='ltr'><em>sossi</em></span> <span class='ocrx_word' id='word_1_175' title='bbox 605 3493 639 3561; x_wconf 78' lang='lat' dir='ltr'><em>ai</em></span> <span class='ocrx_word' id='word_1_176' title='bbox 656 3491 727 3560; x_wconf 77' lang='lat' dir='ltr'><em>iniis</em></span> <span class='ocrx_word' id='word_1_177' title='bbox 742 3495 825 3560; x_wconf 74' lang='lat' dir='ltr'><em>iasar</em></span> <span class='ocrx_word' id='word_1_178' title='bbox 836 3492 878 3575; x_wconf 93' lang='lat'><em>),</em></span> <span class='ocrx_word' id='word_1_179' title='bbox 898 3512 917 3554; x_wconf 93' lang='lat' dir='ltr'><em>u</em></span> 
     </span>
     <span class='ocr_line' id='line_1_27' title="bbox 122 3601 918 3693; baseline 0.006 -31"><span class='ocrx_word' id='word_1_180' title='bbox 122 3601 258 3687; x_wconf 79' lang='lat' dir='ltr'><em>quisque</em></span> <span class='ocrx_word' id='word_1_181' title='bbox 284 3616 453 3686; x_wconf 81' lang='lat' dir='ltr'><em>nostrum,</em></span> <span class='ocrx_word' id='word_1_182' title='bbox 474 3609 533 3693; x_wconf 85' lang='lat' dir='ltr'><em>qui</em></span> <span class='ocrx_word' id='word_1_183' title='bbox 548 3617 728 3671; x_wconf 84' lang='lat' dir='ltr'><em>constamus</em></span> <span class='ocrx_word' id='word_1_184' title='bbox 749 3612 918 3691; x_wconf 77' lang='lat' dir='ltr'><em>sangarius</em></span> 
     </span>
     <span class='ocr_line' id='line_1_28' title="bbox 122 3710 918 3809; baseline 0.003 -29"><span class='ocrx_word' id='word_1_185' title='bbox 122 3726 157 3780; x_wconf 86' lang='lat' dir='ltr'><em>at</em></span> <span class='ocrx_word' id='word_1_186' title='bbox 175 3710 314 3795; x_wconf 83' lang='lat' dir='ltr'><em>infinitis</em></span> <span class='ocrx_word' id='word_1_187' title='bbox 337 3717 623 3809; x_wconf 72' lang='lat' dir='ltr'><em>diversissimisque</em></span> <span class='ocrx_word' id='word_1_188' title='bbox 640 3718 881 3804; x_wconf 76' lang='lat' dir='ltr'><em>affectionibus,</em></span> <span class='ocrx_word' id='word_1_189' title='bbox 907 3739 918 3782; x_wconf 81' lang='grc' dir='ltr'><strong><em>ι</em></strong></span> 
     </span>
     <span class='ocr_line' id='line_1_29' title="bbox 119 3824 918 3911; baseline 0.009 -19"><span class='ocrx_word' id='word_1_190' title='bbox 119 3824 249 3911; x_wconf 75' lang='lat' dir='ltr'><em>stantun</em></span> <span class='ocrx_word' id='word_1_191' title='bbox 265 3847 434 3900; x_wconf 80' lang='lat' dir='ltr'><em>contentus</em></span> <span class='ocrx_word' id='word_1_192' title='bbox 451 3858 490 3901; x_wconf 76' lang='lat' dir='ltr'><em>aa</em></span> <span class='ocrx_word' id='word_1_193' title='bbox 512 3841 619 3906; x_wconf 77' lang='lat' dir='ltr'><em>uariis</em></span> <span class='ocrx_word' id='word_1_194' title='bbox 645 3837 834 3903; x_wconf 85' lang='lat' dir='ltr'><em>haminibus.</em></span> <span class='ocrx_word' id='word_1_195' title='bbox 878 3836 918 3900; x_wconf 84' lang='lat' dir='ltr'><em>Sn</em></span> 
     </span>
     <span class='ocr_line' id='line_1_30' title="bbox 124 3944 918 4038; baseline 0.011 -27"><span class='ocrx_word' id='word_1_196' title='bbox 124 3944 211 4033; x_wconf 77' lang='lat' dir='ltr'><em>quad</em></span> <span class='ocrx_word' id='word_1_197' title='bbox 222 3961 291 4031; x_wconf 83' lang='lat' dir='ltr'><em>ast,</em></span> <span class='ocrx_word' id='word_1_198' title='bbox 315 3971 415 4019; x_wconf 88' lang='lat' dir='ltr'><em>unum</em></span> <span class='ocrx_word' id='word_1_199' title='bbox 435 3967 506 4038; x_wconf 85' lang='lat' dir='ltr'><em>ast;</em></span> <span class='ocrx_word' id='word_1_200' title='bbox 528 3967 560 4020; x_wconf 82' lang='lat' dir='ltr'><em>at</em></span> <span class='ocrx_word' id='word_1_201' title='bbox 584 3976 681 4022; x_wconf 88' lang='lat' dir='ltr'><em>unum</em></span> <span class='ocrx_word' id='word_1_202' title='bbox 698 3967 744 4020; x_wconf 86' lang='lat' dir='ltr'><em>ast</em></span> <span class='ocrx_word' id='word_1_203' title='bbox 763 3951 867 4035; x_wconf 84' lang='lat' dir='ltr'><em>iliud,</em></span> <span class='ocrx_word' id='word_1_204' title='bbox 888 3971 918 4038; x_wconf 79' lang='lat' dir='ltr'><em>qt</em></span> 
     </span>
    </p>
   </div>
   <div class='ocr_carea' id='block_1_5' title="bbox 0 0 1189 4936">
    <p class='ocr_par' dir='ltr' id='par_1_5' title="bbox 0 0 1189 4936">
     <span class='ocr_line' id='line_1_31' title="bbox 0 0 1189 4936; baseline 0 0"><span class='ocrx_word' id='word_1_205' title='bbox 0 0 1189 4936; x_wconf 95' lang='lat' dir='ltr'><em> </em></span> 
     </span>
    </p>
   </div>
  </div>
 </body>
</html>
