2362 4936
160 565 228 657 ,ῳ
438 552 808 630 tarnonrrt

174 752 298 837 quibus
315 763 414 829 quun
435 744 480 814 sit
497 743 667 828 multiplex
682 744 819 828 partium
834 742 993 834 urim,

168 868 210 935 ad
228 877 369 948 quatuor
384 876 496 945 genera
512 872 544 924 et
563 856 657 939 quari
682 877 781 940 pense
798 874 984 929 struatur.

170 999 257 1051 nun
282 946 413 1047 constat
423 974 564 1058 ipsarum
582 987 729 1040 atcunta
746 974 939 1058 cognition
950 973 1000 1044 Lir

169 1121 264 1186 run,
286 1100 497 1185 comparanda
512 1095 727 1182 gummaticls
743 1097 955 1181 pneeepda,
971 1115 1000 1166 et

173 1217 325 1304 proribus
350 1213 494 1298 antiquis
521 1214 689 1297 diligenter
715 1212 990 1296 interpretandus

173 1353 273 1415 rurn,
292 1331 439 1400 Historil
454 1329 652 1413 populorum
668 1341 699 1392 et
714 1343 816 1392 rerum
836 1332 994 1412 gorram

176 1450 283 1532 tiurn,
308 1446 493 1517 recensione
511 1458 651 1513 veterum
669 1457 837 1510 tuetorurn
856 1458 889 1510 et
907 1460 1000 1513 nonu

159 1579 308 1634 torona
329 1577 505 1647 quereum,
524 1559 798 1643 Antiquitatibus.
844 1559 943 1646 Quae
956 1580 1000 1645 qn

174 1699 274 1764 quum
293 1676 417 1747 nostris
432 1678 467 1744 in
481 1675 603 1742 scholis
618 1676 804 1757 tradantur,
821 1676 999 1747 besdiseeu

169 1796 237 1865 diet
263 1812 294 1862 et
318 1791 447 1861 assidue
460 1807 493 1858 et
512 1805 653 1873 attente,
673 1805 705 1857 et
729 1793 879 1873 quotidie
899 1794 1001 1861 doni:

170 1926 238 1977 tet:
270 1910 346 1978 dico
374 1909 537 1998 quotidie,
559 1902 635 1992 quia'
655 1911 721 1977 nisi
742 1911 894 1992 repetitio
918 1915 1001 1979 ooder

89 2096 95 2107 ,
171 2030 251 2111 die,
282 2030 383 2097 multu
409 2045 492 2111 quae
518 2027 640 2095 docens
667 2029 760 2094 utilia
794 2031 837 2097 ad
857 2028 1001 2115 porcien

170 2145 348 2226 disseruit,
369 2162 427 2212 nec
452 2156 557 2209 tanen
573 2141 728 2221 dietavit,
752 2144 874 2209 recenti
890 2142 1002 2223 ¹rec'ortlr

167 2282 210 2331 ne
225 2263 258 2330 in
280 2276 414 2329 mentem
442 2261 595 2340 redeunt,
617 2272 649 2324 et
671 2260 761 2340 quasi
782 2261 801 2326 e
819 2257 902 2346 fuge
923 2258 1002 2327 tend

166 2392 242 2463 tur3
273 2377 370 2444 dilata
398 2389 512 2460 autern¹
534 2374 744 2459 repetitione,
765 2395 804 2441 ex
832 2377 1002 2444 memoris·

173 2508 257 2575 unt,
279 2509 333 2576 et,¹
354 2493 574 2562 irrevocrbilia
597 2505 803 2559 evanescunt.
850 2492 925 2561 Nee
947 2493 1002 2560 sati

170 2612 333 2694 cujusque
349 2608 415 2674 diei
429 2609 572 2674 scholam
594 2609 691 2673 semel
706 2624 738 2673 et
755 2609 867 2677 eodem
882 2612 939 2677 dio·
950 2619 1002 2694 cepi

173 2722 236 2790 rer'
253 2723 382 2790 scholae
402 2722 518 2800 quavis
546 2722 740 2789 hebdomade
763 2725 915 2809 habitae,
936 2727 1002 2794 iren

169 2837 234 2906 sub
251 2837 345 2903 finem
363 2837 591 2903 hebdomadis:
616 2839 745 2904 scholae
764 2843 930 2925 cujusque
948 2858 1003 2908 net

170 2955 340 3021 iterandae.
354 2968 488 3025 exeunte
511 2968 636 3027 menaea
671 2956 802 3023 scholae
829 2958 996 3047 trimestris

168 3068 228 3146 tii,
251 3065 314 3134 sub
331 3067 428 3151 liujus
444 3067 563 3134 exitum
583 3068 780 3136 recolendae:
805 3071 940 3138 scholae
953 3072 1003 3138 den

162 3182 270 3249 totius
290 3183 389 3248 tonui
407 3180 499 3264 pensl
515 3180 603 3247 feriis
626 3179 758 3247 aestivis
780 3182 966 3267 relegendue
986 3198 1003 3245 r

164 3299 342 3379 tandenque
367 3312 458 3365 sunt.
501 3297 593 3364 Adeo
619 3298 696 3363 haee
713 3297 918 3379 repetitionis
935 3317 1003 3365 exer

166 3414 236 3496 tio,
259 3429 296 3480 ut
313 3413 348 3481 in
365 3413 518 3482 omnihus
535 3414 631 3481 rebus
651 3416 813 3497 nultum,
835 3419 887 3484 sic
907 3416 943 3485 in
967 3433 1004 3485 stt

166 3530 344 3614 plurimum
373 3532 477 3598 valete
500 3544 532 3596 et
560 3533 713 3614 paulatim
734 3531 767 3597 in
790 3533 1003 3603 consuetudin

165 3658 206 3708 ex
229 3643 463 3711 consuetudine
487 3661 592 3711 autern
615 3647 813 3713 iuncturam
842 3664 876 3715 et
892 3645 1004 3717 firman

133 3830 139 3845 ¹
164 3756 332 3825 discendae
357 3758 596 3840 possessionem
613 3761 695 3830 abit.
738 3758 845 3826 Habet
878 3762 935 3828 illa
957 3760 1004 3844 qui

165 3873 289 3954 aliquid
315 3876 511 3958 exceptionis
544 3891 575 3942 et
594 3877 754 3942 uarietatis
771 3895 833 3958 pro
852 3878 1000 3944 varietate

165 3988 268 4054 centis
282 4003 313 4055 et
331 3992 498 4059 materiae:
521 3992 548 4058 si
576 3995 635 4074 qui
662 4005 766 4058 tamen
784 4011 852 4058 erm
870 3996 1004 4078 despexe

168 4120 208 4175 ut
242 4108 399 4178 turdarum
430 4108 611 4178 subsidium
633 4122 861 4198 nutantum,
902 4114 1005 4200 cujusr

158 4352 164 4375 r
188 4307 202 4345 ἱ
291 4357 296 4365 ·
