2362 4936
204 566 261 662 P·
483 536 855 623 urlslfolaa

214 755 292 822 spes
317 733 414 805 simul
434 751 509 801 cum
537 732 630 801 fumo
655 731 797 802 evanuit.
842 729 989 816 Tamen,
1014 754 1144 829 ware„

213 854 281 927 mol
292 863 367 928 eras
380 850 505 925 imbuta
523 869 632 919 recens
648 862 733 915 testa
755 832 902 921 samarit
925 849 1076 920 odorem:
1091 869 1133 920 ra·

209 969 315 1042 tinuit
336 986 498 1051 amorem,
521 985 588 1035 non
608 966 835 1049 rescriberet,
858 969 913 1042 sed
939 981 976 1041 ut
999 969 1131 1055 legeret:

211 1087 317 1161 veluti
350 1083 514 1159 lectitabat
540 1082 738 1166 Homerum,
770 1083 980 1166 Euripidem,
1011 1086 1137 1156 Aristo-

214 1206 374 1295 phanem,
397 1200 599 1283 Lucianuru,
616 1200 832 1284 Ciceronem,
852 1198 1051 1286 Virgilium,
1067 1196 1140 1300 'Ho-⁴

164 1384 168 1393 ,
209 1319 350 1399 ratium,
372 1315 477 1385 allosa
506 1333 546 1389 eat
572 1313 805 1386 recentioribus
828 1315 863 1384 in
883 1315 999 1400 primis
1028 1317 1138 1393 Muta·

178 1402 183 1413 Ι
207 1453 301 1519 tum,
322 1435 523 1515 Etpastum,
542 1429 796 1512 ‘Ruhnkenlum
820 1431 1007 1515 elegantiam
1024 1447 1058 1500 et
1073 1434 1135 1504 La·

205 1555 375 1623 tinitttem
387 1549 565 1631 admirans,
584 1549 680 1633 cujus
694 1548 781 1617 haud
797 1546 928 1630 ineptus
948 1564 1016 1617 etat
1028 1552 1137 1638 judex.

211 1669 326 1744 Taceo
339 1666 399 1735 alia
419 1665 560 1732 hominis
577 1663 684 1747 bona,
704 1681 786 1747 quae
803 1661 856 1730 Tu
873 1666 947 1730 item
967 1669 1022 1749 pie
1036 1683 1069 1735 et
1083 1688 1140 1754 po·
1172 1712 1179 1727 .

211 1785 271 1853 lite
288 1780 435 1852 cecinisti
452 1781 486 1851 in
504 1779 605 1864 elegia
620 1778 749 1853 funebri
766 1777 912 1852 manibus
933 1782 1004 1867 ejus
1020 1785 1136 1857 dicata.

212 1899 356 1982 Reliqua
373 1896 440 1967 vita
462 1896 535 1969 iude
558 1896 598 1969 ab
622 1894 749 1978 aliquot
766 1895 858 1962 annis
876 1897 1036 1983 ejusmodi
1050 1899 1145 1987 fuit,

209 2031 250 2087 ut
273 2012 463 2084 labefactata
483 2011 687 2094 valetudine,
710 2010 804 2077 amici
825 2011 854 2078 ei
869 2029 937 2080 nora
953 2029 1018 2081 tam
1037 2016 1137 2089 tritam

207 2129 362 2214 longam,
394 2142 491 2209 quam
525 2124 649 2192 facilem
681 2125 801 2191 exitum
828 2139 997 2210 optarent:
1028 2133 1141 2216 qurei

209 2246 331 2330 obtigit
349 2242 501 2325 subitus,
528 2242 563 2313 d.
591 2260 632 2310 rr.
659 2240 824 2310 Februarii
847 2245 1026 2327 superioria
1049 2249 1137 2324 arani⁴

252 2359 328 2428 Nos
360 2377 461 2440 vero,
491 2356 616 2443 optime
637 2357 787 2442 Bocchi,
821 2358 866 2430 ita
899 2362 1071 2448 vivamus,
1100 2378 1138 2436 ut

208 2464 306 2544 amici
320 2493 383 2544 noa
400 2475 508 2559 nostri
524 2473 709 2543 diutissime
725 2477 832 2548 vivere
848 2476 993 2561 cupiant.
1032 2479 1138 2551 Cum.

210 2613 276 2679 que
299 2592 475 2662 multorum
500 2603 688 2665 nostrorum
711 2590 805 2663 etlam
828 2593 994 2681 juniorum
1022 2593 1139 2672 funera

206 2688 394 2792 fragilitatis
411 2722 473 2778 nos
493 2717 624 2777 nostrae
643 2715 676 2768 et
694 2701 898 2774 mortalitatis
917 2727 1011 2794 saepe
1024 2711 1137 2780 admo·

207 2824 362 2906 nuerint‚
389 2819 573 2904 reliquum,
605 2822 837 2909 quodcumque
861 2841 1029 2910 superest,
1061 2847 1138 2912 spa.

206 2909 291 3009 tium
317 2939 363 3008 ita
391 2937 579 3024 exigamus,
600 2950 638 3003 ut
655 2953 695 3006 ne
713 2936 891 3009 dubitemus
908 2946 1066 3014 uirtutem
1081 2967 1135 3018 aa.

206 3057 340 3128 rendere
357 3056 478 3144 sactis.

117 3238 122 3247 ,
251 3172 322 3244 Enl
347 3171 515 3257 epistolam
535 3171 593 3240 diu
611 3171 691 3243 Tibi
714 3173 873 3250 debitama
902 3197 984 3261 quae
1008 3181 1038 3248 si
1062 3183 1135 3257 lou-

207 3286 280 3376 gior
306 3303 338 3355 et
359 3289 529 3372 loquacior
552 3287 637 3373 fuit,
671 3290 751 3358 Tibi
771 3292 971 3378 imputabisa
1003 3299 1031 3365 si
1056 3299 1137 3385 quid

206 3419 366 3490 praeterea
379 3404 465 3473 aliud
481 3407 515 3473 in
534 3425 569 3473 ca
584 3405 663 3475 Tibi
684 3407 797 3477 aliisve
819 3411 1045 3498 displicuerit,
1066 3435 1138 3484 rur.

207 3536 267 3585 sus
301 3518 380 3588 Tibi
415 3519 614 3604 imputabis:
649 3537 827 3607 utcumque
849 3527 930 3595 berre
954 3543 1012 3599 aut
1036 3526 1153 3602 secus

205 3636 340 3731 meritus
356 3637 471 3721 fuero,
496 3638 559 3706 hoc
583 3653 687 3711 totum
708 3657 799 3709 tuum
815 3645 886 3714 etit.
925 3644 980 3712 Tu
998 3650 1136 3718 medor·

206 3749 354 3817 mientem
373 3755 635 3825 adscribendum
654 3759 800 3827 excitasti
825 3776 859 3828 et
878 3760 1059 3846 impulistis
1082 3783 1136 3834 se·

111 3885 117 3895 ·
208 3869 272 3932 mel
306 3865 433 3950 quidem
460 3873 620 3941 excitatus
654 3888 686 3941 et
717 3874 905 3958 impulsus,
934 3876 1038 3944 facere
1066 3897 1135 3948 noar

206 3984 464 4070 poteram‚quin
484 3980 554 4053 meo
574 4008 662 4059 more
680 3990 848 4058 scriberem
868 4005 900 4059 et
918 4008 1133 4063 excurreremus

203 4111 263 4193 aut
280 4097 417 4169 dormire
434 4118 484 4171 me
506 4103 663 4192 sitisses,
684 4123 743 4177 trec
763 4104 947 4180 excitasset.
989 4109 1136 4180 amede·

1079 4226 1136 4293 bat
