2362 4936
272 356 277 379 l
745 374 747 379 .

207 581 253 651 μ
493 484 867 630 carsroun

209 749 394 821 videbatur.
434 740 481 812 Et
499 743 590 826 quod
605 763 708 828 nuper
722 742 891 828 repentino
909 742 1078 832 impulsu,
1098 748 1147 820 ’ei

208 863 305 950 quasi
327 860 434 946 ipsius
460 857 607 928 Platonis
633 859 814 940 instinctu,
844 861 885 927 ad
908 863 979 945 eius
997 863 1143 934 Phaedo-

207 999 281 1051 nem
300 976 456 1044 edendum
478 992 528 1041 me
544 975 692 1060 conieci:
716 975 810 1042 nolui
836 973 915 1041 Tibi
942 977 1060 1044 librum
1086 979 1140 1048 iu-

204 1094 363 1175 scribere,
373 1080 468 1179 cujus
485 1091 583 1159 uobis
598 1108 666 1160 nou
684 1104 770 1158 esset
786 1109 960 1159 commune
971 1093 1135 1164 studium.

206 1209 330 1293 Neque
351 1225 429 1276 uero
455 1207 602 1293 privatus
628 1204 693 1273 fuit
724 1206 910 1289 infrequens
934 1225 1142 1293 proventus,

204 1327 245 1395 iu
262 1323 407 1409 antiquis
424 1321 649 1405 Scriptoribus
666 1323 717 1390 vel
733 1323 773 1389 ad
790 1341 897 1390 meum
915 1342 1011 1393 usum
1028 1325 1073 1392 ita
1088 1346 1140 1394 re·

204 1441 373 1527 legendis,
402 1453 441 1508 ut
458 1438 539 1504 mibi
559 1437 682 1505 viderer
704 1437 817 1506 multis
847 1438 931 1506 locis
952 1442 993 1506 ad
1014 1441 1144 1511 intelli·

65 1546 71 1561 '
207 1557 347 1644 gentiam
366 1567 398 1621 et
418 1551 672 1621 emendationem
690 1541 893 1638 profecisses
915 1557 967 1622 vel
985 1555 1142 1640 interpre-

207 1673 319 1741 tandis
335 1672 376 1739 ad
400 1669 636 1755 discipulorum
656 1668 918 1738 iustitutionema
944 1689 1012 1753 quo
1027 1671 1063 1740 iu
1079 1692 1139 1759 ge·

144 1876 148 1885 .
200 1786 286 1859 'uere
307 1785 504 1854 Horatianos
531 1787 690 1869 quosdam
712 1785 837 1867 libros,
857 1787 959 1854 veluti
974 1788 1067 1854 illum
1085 1787 1140 1855 De

205 1904 289 1974 Arte
308 1901 469 1982 Poetica,
496 1899 681 1983 Epistulam
714 1903 756 1968 ad
784 1904 994 1986 Augustum,
1032 1903 1141 1986 alios,

149 2059 153 2066 ·
205 2020 367 2105 quosdam
389 2016 464 2083 item
488 2013 711 2100 Virgilianos,
734 2029 804 2083 tum
827 2016 1065 2087 Ciceronianos
1087 2020 1141 2088 De

20 2116 23 2123 '
204 2133 356 2214 omens,
379 2133 418 2198 ae
437 2129 604 2215 narnus,
625 2129 676 2197 ue
698 2130 860 2214 oratore,
880 2133 931 2200 ue
948 2132 1140 2203 minuatio-

201 2269 267 2332 ne,
288 2248 339 2316 De
367 2249 562 2328 Senectute,
592 2245 644 2313 De
673 2245 850 2329 Amicitia,
878 2236 1065 2332 Paradoxa,
1094 2268 1140 2318 ne

205 2365 310 2433 dicam
328 2364 367 2431 de
389 2362 604 2433 Orationibus
628 2377 663 2428 et
686 2362 871 2446 Epistolis:
893 2365 955 2431 bos
977 2364 1082 2449 igitur
1097 2366 1142 2433 li·

78 2505 84 2515 ·
203 2481 284 2549 brus
308 2480 345 2546 iu
371 2477 498 2547 scholis
526 2476 606 2545 meis
630 2478 862 2563 interpretatus
891 2498 964 2545 sum
989 2481 1030 2545 ad
1062 2499 1143 2549 eum

205 2599 362 2677 modum,
381 2593 440 2675 qui
456 2591 523 2657 sere
539 2609 642 2658 novae
657 2590 809 2662 editionis
827 2591 932 2659 instar
952 2608 1049 2661 esset.
1080 2595 1138 2664 Ex

203 2711 258 2778 bis
276 2727 378 2791 quum
396 2720 472 2772 ante
491 2703 681 2786 biennium,
702 2705 795 2772 illum
821 2706 872 2774 De
888 2706 1062 2776 Senectute
1076 2709 1144 2777 Ti·

203 2824 239 2890 bi
264 2823 459 2906 inscriptum
488 2820 577 2886 edere
601 2818 871 2905 constituissem,
902 2823 1022 2907 Tuque
1046 2825 1139 2894 illam

110 2963 134 3023 g
207 2957 298 3023 rpem
328 2937 445 3004 lubens
471 2935 695 3019 praeciperes,
718 2953 794 3002 mox
819 2939 985 3021 intellexi,
1012 2941 1042 3007 si
1062 2943 1142 3024 qui·

204 3057 275 3122 dem
301 3071 368 3120 non
390 3051 489 3117 modo
510 3050 609 3132 aliia,
641 3051 699 3117 sed
721 3049 791 3134 ipse
815 3052 917 3136 mihi,
950 3054 1140 3126 satisfacere

204 3168 351 3250 vellem,
373 3179 529 3251 apparatu
546 3166 704 3232 variarum
725 3165 900 3235 lectionum
928 3185 967 3235 eu
990 3171 1139 3255 antiquis

167 3330 171 3341 ·
203 3282 297 3351 libris
324 3300 410 3366 opus
437 3279 509 3348 fore
529 3280 704 3364 ampliore,
729 3299 827 3365 quam
853 3300 948 3366 quem
967 3283 1039 3368 ipse
1055 3301 1140 3354 tem·

205 3417 287 3486 pore
319 3414 383 3465 tam
415 3397 528 3465 multis
566 3397 732 3464 laboribus
755 3412 917 3482 occupato
938 3402 1137 3485 colligerem.

60 3565 63 3571 .
203 3514 321 3598 ltaque
350 3515 415 3587 hoc
444 3512 621 3579 editionum
646 3527 701 3582 aut
726 3513 902 3599 abjecimus
934 3515 1139 3599 consilium,

207 3644 264 3700 aut
289 3643 379 3718 certe¹
406 3628 440 3693 in
466 3643 632 3711 porterum
665 3629 852 3715 rejecimus:
888 3630 974 3697 etsi
999 3631 1141 3713 quidiu

142 3748 145 3755 '
208 3742 397 3810 achobrum
419 3755 602 3809 nostrarum
625 3743 756 3810 dictatis
772 3760 876 3811 novae
891 3743 977 3811 lucis
994 3744 1142 3826 inesset,

206 3869 316 3926 totum
339 3858 402 3924 hoc
428 3857 462 3923 in
486 3856 689 3926 bibliotheca
704 3860 851 3946 Critica,
876 3860 905 3927 si
923 3862 1053 3943 quando
1067 3877 1141 3928 eam

207 3973 481 4054 instauraremus,
503 3974 638 4065 prodere
653 3975 867 4044 decrevimus.
910 3976 987 4045 Huc
1009 3976 1143 4044 accede·

124 4160 136 4171 Ι,
206 4083 265 4155 bat
288 4083 473 4174 ngstius
496 4102 633 4178 noster,
663 4091 801 4172 subinde
832 4091 979 4182 flagitans
1004 4106 1042 4162 ut
1068 4089 1138 4159 sibl

1085 4205 1144 4275 liu
