2362 4936
272 535 353 616 nu
415 535 816 620 roecutunr.
973 568 1017 644 4,

122 750 217 805 urum
236 732 518 815 Romanarumque
539 729 721 802 Litetarum
737 733 930 821 scientim,
949 758 1026 811 enm

124 871 158 920 cr
173 851 303 916 Veterum
327 846 445 929 libris,
467 863 534 913 tum
559 863 716 933 apparatu
737 865 769 917 et
789 857 1029 927 commentario
1120 940 1122 944 ¹

121 968 204 1056 patria
224 959 394 1035 formando
426 979 460 1031 ct
483 962 697 1047 expoliendoa
727 963 772 1032 lta
794 966 892 1036 vobis
917 970 1030 1053 puella

119 1094 244 1167 magnam
262 1079 386 1165 gloriae
413 1080 524 1147 dotem
545 1079 687 1148 adlecetc
710 1099 770 1166 ego
794 1081 891 1150 vobis
911 1085 978 1152 dux
992 1097 1029 1155 et

113 1197 224 1280 adjutor
247 1192 357 1276 operia
379 1209 450 1261 ero.
495 1192 612 1260 Adhuc
636 1210 731 1261 nemo
756 1195 843 1279 fuit,
872 1199 930 1283 qui
953 1202 1025 1286 ejus

60 1340 62 1355 ·
116 1328 209 1379 amore
226 1320 417 1392 caperetura
441 1323 499 1373 nec
524 1321 628 1375 tamen
652 1307 792 1391 desunt,
815 1313 872 1394 qui
896 1331 973 1398 prae
988 1333 1026 1382 ae

113 1422 227 1505 leant,
246 1439 281 1490 ae
299 1419 521 1488 conditionem
545 1437 614 1487 non
632 1421 817 1505 repudiare,
838 1425 893 1491 sed
908 1426 1027 1495 delibe-

60 1516 62 1531 ¹
115 1559 183 1609 nce.
223 1538 273 1606 Dc
289 1535 438 1620 quibua,
460 1534 513 1617 si,
542 1537 632 1619 quod
650 1538 752 1605 nolim
776 1556 835 1606 nec
860 1537 930 1607 fore
953 1540 1027 1627 opl-

113 1673 184 1737 trot,
204 1671 278 1738 apoc
297 1669 362 1718 noa
382 1648 558 1735 deiecerit,
579 1651 687 1736 puella
705 1653 747 1721 ad
764 1652 1025 1740 Telcobaptistaa

113 1772 305 1839 carituram
321 1768 487 1849 minatur,
498 1769 555 1835 ubi
572 1770 676 1837 alatur
694 1786 727 1838 et
744 1772 904 1858 fortasse,
915 1792 1028 1861 quam«

114 1884 155 1955 tis
168 1884 297 1966 ruma,
318 1886 354 1949 in
379 1882 617 1950 matrimonium
637 1885 832 1956 collocetur.

151 2000 297 2080 Tecum,
319 1984 365 2063 mi
383 1994 525 2079 Boschi,
547 1996 607 2063 alla
631 1998 712 2066 mihi
729 2017 846 2068 cauata
862 2015 935 2071 estc
959 2020 1031 2073 nou

112 2134 205 2188 meno
226 2134 269 2184 ue
298 2112 356 2180 Tu
390 2131 522 2197 quoque
554 2113 707 2196 adoptiva
739 2135 789 2182 me
812 2113 878 2184 filia
914 2116 1026 2186 ferias.

112 2232 214 2302 &niro
237 2233 321 2298 hanc
346 2230 388 2296 ad
413 2228 464 2296 Te
486 2229 676 2315 epistolam,
707 2245 744 2299 ut
768 2232 892 2317 duplici
918 2234 1033 2319 officio

115 2348 280 2433 delungat,
300 2348 437 2434 ejuaque
459 2344 559 2413 debiti
581 2343 805 2429 conscientia,
829 2345 923 2430 quasi
948 2365 1030 2417 one-
1157 2329 1161 2334 ¹

111 2484 152 2549 re,
177 2464 316 2534 ammam
341 2463 444 2528 levem
467 2471 499 2524 et
523 2458 677 2542 religione
699 2460 825 2528 aolvam
857 2477 1030 2555 antequam¹

108 2559 267 2669 tdplures
287 2578 415 2644 abeam:
441 2573 531 2656 quod
555 2571 703 2639 Socrates
728 2571 763 2640 in
784 2573 955 2644 Phaedone
980 2576 1030 2643 di-

108 2699 169 2780 xit,
188 2704 424 2784 &danicum
449 2686 529 2761 circa
550 2692 596 2775 pir
614 2691 739 2763 ἀπιέναι
763 2691 830 2778 πρὶν
851 2692 1032 2778 ἆφοσιόσα·

105 2815 177 2883 ιω.
222 2810 290 2876 Sed
313 2803 439 2890 etipsa
463 2815 520 2888 per
545 2821 580 2869 se
598 2800 737 2872 amicitia
762 2806 826 2872 hoc
846 2825 864 2871 a
883 2825 934 2873 me
956 2808 1030 2878 aive

106 2943 216 2993 manua
238 2923 313 2991 sive
341 2891 585 2988 monumentum
612 2918 810 3006 postulabat.
861 2922 953 3011 Quae
976 2922 1030 3012 si,

108 3047 273 3113 anundum
309 3040 465 3124 Veteres,
495 3040 600 3108 virtus
629 3055 706 3125 est,
737 3061 796 3111 nec
825 3044 930 3114 uirtus
956 3047 1030 3116 alne

106 3157 265 3248 prudentia
302 3173 374 3222 esse
403 3168 543 3239 potest,
572 3151 758 3240 prudentiae
783 3172 889 3226 autem
918 3175 966 3228 eat
992 3181 1032 3231 ae

104 3281 203 3369 iprum
232 3297 389 3363 noscere3
426 3277 466 3344 da
492 3274 542 3343 Te
568 3277 649 3344 nihi
674 3295 867 3364 parumper,
896 3282 940 3348 mi
963 3282 1031 3351 Bo·
1161 3303 1163 3311 ·

105 3399 270 3485 tehi,redi
288 3413 414 3464 mecum
432 3394 466 3463 in
482 3394 665 3461 memoriam
682 3395 826 3480 priorum
844 3409 1029 3481 temporum

104 3540 308 3606 cornorum,
331 3534 369 3587 ut
393 3534 631 3602 cognoscamus
650 3535 668 3584 a
688 3515 809 3599 quibus
829 3515 931 3585 initiis
948 3536 1026 3604 pro-

103 3642 179 3713 lttta
190 3656 304 3714 nostra
311 3633 473 3716 amicitia,
484 3631 603 3716 quibus
619 3631 734 3700 officiis
750 3632 839 3699 culta
856 3646 888 3699 et
902 3635 1023 3704 nonlic-

109 3774 242 3843 utta,ct
255 3753 368 3826 adhud
382 3749 546 3832 floruerit,
556 3763 588 3818 et
604 3749 639 3816 in
652 3764 819 3835 posterum
835 3769 871 3817 ae
883 3765 1024 3826 tueatur.

148 3879 255 3945 Annus
277 3886 347 3942 erat
373 3885 567 3938 muccuxxr
594 3887 695 3952 quum
725 3888 786 3954 ego
814 3871 1024 3955 adolescens,

114 3989 164 4057 luc
180 3991 209 4058 in
228 3987 404 4060 Academia
418 3984 541 4051 Literia
561 3985 718 4066 student,
739 3985 925 4070 principum
939 3990 1029 4072 inge·

112 4107 160 4176 uio
172 4107 381 4190 doctrinaque
405 4100 569 4184 uirorum,
591 4100 777 4171 Ruhnkenii
801 4087 1030 4172 ct'Valclrena·

114 4223 166 4317 cii,
181 4219 420 4297 comuoudine
436 4231 470 4287 et
488 4217 628 4288 amicitia
646 4215 781 4304 lruena,
799 4237 858 4290 nec
876 4218 963 4287 alud
978 4219 1031 4288 ni·
