2362 4936
521 246 526 256 .
982 39 1112 272 Η

350 430 357 440 .

257 602 807 681 auuruuurtuor.
941 621 1006 710 1⁶9

47 814 146 887 tegro
178 799 323 880 relego,
348 793 482 875 indeque
504 795 626 877 reliqua
652 795 799 880 perlego:
816 802 1005 880 'permaneo
1059 796 1060 799 ’

50 918 222 1001 inpriore
241 915 314 980 mel
336 913 377 1003 rie
391 913 474 976 lrbro
492 911 673 976 sententia:
696 910 806 993 itaque
823 914 864 978 sb
884 933 923 981 eo
939 921 1008 984 dis·

52 1030 166 1110 sessi,
206 1042 247 1092 ut
279 1041 382 1108 caput
418 1042 548 1090 caussae
580 1024 816 1110 improbarem
847 1032 1004 1110 quasdam

56 1163 165 1234 partes
194 1142 388 1226 singulares
412 1141 603 1223 probarem,
625 1160 798 1223 earumque
820 1143 1005 1226 ingratiam

58 1279 131 1327 tatur
147 1279 225 1325 non
245 1259 438 1342 abjicerem,
462 1260 517 1321 sed
535 1273 704 1324 ut-rursus
723 1261 888 1343 legendum
906 1281 1003 1343 sepo·

61 1392 188 1441 nerem.
235 1375 386 1459 Quartus
403 1371 581 1449 postillam
600 1390 703 1437 annus
721 1391 793 1455 me,
813 1379 934 1441 mutata
950 1395 1007 1443 ca-

60 1491 206 1568 meurs,
236 1490 275 1551 ad
295 1483 423 1551 Literas
450 1486 679 1567 historiasque
699 1491 860 1555 docendas
889 1493 999 1556 tradu-

62 1612 137 1691 xit,
160 1624 195 1674 et
219 1607 434 1686 necessitate,
456 1624 529 1671 tum
556 1609 667 1672 edendi
694 1610 754 1673 mei
781 1609 904 1691 libelli,
926 1624 997 1681 tuus

63 1722 229 1809 relegendi
251 1723 432 1789 uoluminis
448 1721 618 1805 Kaminoi,
639 1722 808 1790 liberavitt
1018 1703 1023 1710 ⁵

508 1929 552 1961 a·
572 1902 687 1975 sic-ms
708 1903 852 1974 seruauit
878 1897 1003 1987 Apollo.

10 2141 20 2151 ,
112 2077 192 2162 CR,
228 2075 382 2144 invidens
409 2076 532 2144 scilicet
558 2078 680 2161 Apollo
703 2079 763 2146 tibi
784 2083 911 2147 aemulo
926 2098 1008 2149 sou·

76 2193 284 2264 suetudinem
301 2210 377 2258 cuur
395 2197 499 2260 amata
515 2197 574 2259 sul
592 2211 717 2278 vetere,
741 2194 877 2278 Sibylla.

10 2372 25 2383 ,
122 2307 185 2372 W.
222 2307 315 2373 Haud
333 2326 424 2374 saro:
449 2307 565 2391 gratias
583 2308 710 2391 quidem
733 2279 761 2375 ei
786 2324 863 2375 tunc
884 2309 1007 2393 habui,

82 2425 142 2508 qui
160 2425 234 2489 mihi
250 2427 362 2510 ingrati
378 2423 499 2489 laboris
516 2427 647 2508 gratiam
668 2423 809 2490 fecisset.
850 2424 939 2509 Ergo
953 2439 1008 2492 to-

10 2569 33 2617 ς
79 2551 135 2607 tus
151 2543 183 2608 in
207 2543 308 2608 literis
333 2541 499 2622 versabar,
522 2557 553 2606 et
581 2542 670 2623 quod
694 2542 713 2605 i
742 2541 932 2620 quotidiano
949 2541 1010 2607 du·

10 2686 36 2735 ς
81 2660 168 2725 erodi
200 2676 329 2724 munere
360 2672 542 2740 superesset
564 2658 652 2739 otii,
685 2657 858 2723 Plutarcho
887 2658 1009 2723 triuue·

87 2773 172 2840 bama
203 2771 432 2856 Philosophiae
457 2770 639 2837 recentioris
669 2772 824 2838 hactenus
851 2771 1007 2839 rationem

91 2891 252 2972 ducebam,
275 2904 337 2968 ut,
350 2889 378 2955 si
402 2889 480 2973 quid
495 2889 530 2955 iu
547 2890 585 2954 el
601 2905 724 2955 novum
743 2908 780 2954 ac
799 2887 1009 2969 praecipuum

97 3007 239 3089 prodiret,
259 3005 294 3072 id
310 3023 552 3088 cognoscerem.
585 3004 764 3070 Kantianus
779 3003 859 3075 liber
873 3004 929 3070 vix
941 3019 1008 3088 atu·

101 3123 177 3205 plius
191 3125 221 3190 in
242 3121 498 3206 ephemeridibus
526 3120 713 3188 Germaniae
734 3133 946 3197 memoratus,
969 3130 1008 3191 ut

102 3241 199 3305 nemini
215 3239 419 3322 intellectus,
443 3239 477 3303 in
503 3236 701 3304 oblivionem
722 3233 809 3299 abire
825 3232 1005 3303 videbatur.
1119 3280 1121 3284 ,

10 3397 18 3437 2
103 3353 241 3439 Atteru,

10 3512 56 3555 '²'
103 3525 254 3604 lusarca
274 3548 391 3623 magno
412 3529 543 3594 misser!
560 3547 729 3600 murmure
749 3539 878 3602 tertam
995 3611 999 3621 Ι

106 3703 296 3795 Germaniam.
319 3710 498 3777 Kantianus
516 3709 596 3776 liber
611 3709 717 3774 adhuc
735 3708 927 3789 neglectus,
940 3707 1007 3793 jam

10 3842 18 3883 ἐ
40 3824 45 3829 ’
103 3827 239 3909 prodam,
259 3825 430 3893 celebrari:
454 3826 524 3910 ejus
545 3825 689 3890 studium
709 3824 814 3907 primo
832 3823 927 3888 latius
944 3827 1009 3887 seri

99 3951 175 4035 stre,
195 3955 265 4006 tum
280 3939 404 4022 ubique
421 3938 563 4020 differri,
586 3938 724 4022 denique
741 3956 799 4022 per
820 3953 919 4005 totam
928 3937 1012 4003 Ger·
1055 3940 1069 3963 ⁸
1129 3985 1132 3991 .

95 4053 217 4120 mrum
252 4053 442 4137 pervadere,
480 4051 612 4119 fervere.
667 4061 792 4119 Auctor
821 4052 901 4118 illud
931 4068 1010 4116 cuu-

18 4162 22 4171 ’
90 4184 193 4261 vuum
209 4171 455 4260 septentrionali
475 4169 591 4262 frigori
612 4191 720 4259 opus,
742 4185 903 4256 umquam
920 4168 1011 4234 Crur-

581 4288 656 4380 1¹⁵
950 4299 1015 4358 ms·
