2362 4936
179 535 264 605 rn
332 488 764 603 n'trrnnuun.
883 498 952 624 ἰφ

90 725 149 794 tibi
168 739 299 805 ternpus
319 718 472 801 veniere,
495 721 584 802 qnod
600 720 773 790 venturum
789 719 863 804 ipat
888 740 946 791 ut·

88 858 117 907 tt
136 853 227 918 erat,

86 1033 137 1083 tus
160 1016 229 1079 erit
250 1029 324 1076 cnm
347 1029 398 1073 mc
418 1006 459 1074 dr
480 1019 572 1074 tanto
593 1022 726 1098 corpore
741 1025 888 1098 pamm

86 1151 119 1215 ga
139 1127 212 1193 dim
225 1128 365 1211 saciat,
396 1136 622 1211 consumoque
647 1125 790 1193 membra
811 1139 939 1196 tenacia

86 1249 244 1314 rinirrurn
264 1242 465 1328 redigantur
484 1262 583 1308 onus:
605 1220 791 1315 nccamala
808 1248 938 1320 ridebat

95 1365 252 1454 placuisse
267 1360 351 1426 Dra.
396 1360 537 1426 Phoebus
556 1383 682 1449 quoque
688 1364 838 1448 forsitan
850 1370 937 1457 ipse,

94 1486 156 1545 rien
175 1490 347 1564 agnoscet,
369 1478 425 1544 nel
442 1475 592 1544 dilexisse
611 1479 779 1564 rregalr't,·¹

86 1624 117 1669 re
136 1603 214 1667 adro
238 1617 371 1669 mutata
386 1602 513 1686 scrar,·
535 1604 680 1692 nullique
700 1604 863 1688 ardenda,

86 1734 220 1786 :tamen
241 1741 359 1785 nascar
368 1739 381 1785 .·
411 1741 514 1788 nocem
538 1723 619 1789 mlhl
633 1718 717 1804 sata
738 1702 936 1809 relinquent.

88 1900 130 1971 tt.
154 1902 196 1970 Et
211 1903 292 1969 haec
311 1902 340 1969 ei
356 1903 509 1971 convenit
526 1903 652 1986 forma,
675 1905 802 1985 vocali,
826 1901 938 1973 intur·

106 2019 214 2103 capite
238 2020 330 2084 humi
359 2021 534 2105 demissae,
563 2021 596 2088 in
623 2038 736 2089 terrrm
759 2019 942 2100 tuentl,.et
995 2056 997 2060 Α

86 2139 135 2203 tal
149 2137 320 2204 oculorum
342 2137 409 2202 acie
427 2139 510 2203 ultra
526 2137 738 2220 experientiae
758 2138 943 2221 terminat,

86 2250 195 2330 dipsa
213 2248 358 2328 fatetur,
383 2252 568 2335 prospicere
589 2251 675 2319 haud
695 2253 830 2321 valenti.
885 2310 895 2332 .,
936 2310 941 2317 .

86 2363 133 2433 Ἠ.
153 2363 266 2449 Neque
287 2367 366 2433 illud
384 2387 456 2434 vere
478 2368 563 2436 dixit
584 2367 746 2447 manua,
770 2369 946 2452 Metaphy·
1019 2428 1022 2435 .

138 2494 211 2548 tnnc
237 2482 271 2548 in
295 2496 461 2548 contemtu
482 2483 644 2569 jacuisset
667 2481 791 2566 quippe
808 2501 888 2564 quae
904 2485 948 2555 in·

86 2597 184 2665 mania
208 2600 427 2682 complurium
461 2600 828 2685 intelligentissimorum
846 2602 946 2671 librin

87 2735 155 2780 rum
172 2733 284 2781 recens
305 2730 413 2780 ornata
429 2718 613 2783 colebatur:
632 2736 770 2799 quorum
781 2764 794 2801 ,
807 2733 843 2785 ut
857 2718 943 2788 alina

86 2850 160 2913 am,
180 2830 374 2896 Lambertus
399 2832 430 2896 in
456 2831 716 2899 Architectonicl
742 2851 808 2898 eam
833 2852 940 2900 recen·

86 2962 146 3029 rat,
175 2945 342 3012 Platnerue
372 2946 404 3011 in
431 2947 691 3031 anthropologia
717 2962 750 3013 et
783 2947 943 3031 Aphoris·

86 3102 88 3113 ι
108 3059 315 3141 descripserat
337 3074 370 3123 et
393 3060 604 3143 explicuerat,
629 3060 767 3126 Federus
786 3060 819 3127 in
838 3060 939 3128 Com·

87 3174 139 3239 dio
161 3172 359 3256 populariter
381 3187 412 3237 et
431 3173 570 3238 suaviter
588 3171 714 3251 scripto
733 3170 773 3236 ad
793 3189 941 3239 commu.

113 3285 353 3370 intelligentiam
384 3283 678 3366 commendaveram
712 3299 748 3348 nt
782 3302 839 3350 nec
866 3286 943 3371 ipsa

86 3421 179 3471 'nrum
204 3400 415 3484 frequentiam
435 3400 646 3482 desideraret,
668 3413 699 3465 et
719 3400 860 3495 cultorem
877 3415 942 3467 tra·

86 3539 113 3585 n
132 3519 237 3585 adhuc
255 3518 323 3602 ejus
344 3515 597 3599 probabilitatem
616 3515 715 3609 aequi·
732 3515 943 3597 boniquefa.

86 3650 163 3716 tter,
187 3631 215 3697 ei
233 3633 383 3716 maiorem
400 3628 579 3713 firmitatem
599 3631 852 3713 evidentiamqne
868 3631 943 3699 addi

86 3764 195 3823 trent:
219 3765 313 3831 quam
328 3746 370 3812 ,εἰ
396 3745 471 3827 quis
488 3744 644 3828 adferret,
676 3748 704 3814 is
723 3765 808 3813 unus
833 3748 940 3815 homi.

86 3888 90 3934 ι
114 3865 225 3934 studia
247 3881 359 3948 augere
380 3876 506 3947 posset.
549 3861 596 3929 lta
618 3862 798 3931 calentibus
815 3864 938 3931 dudum

86 3985 186 4051 dnum
202 3981 388 4064 desideriis,
412 3977 539 4047 exstitit
555 3976 714 4060 Kantius,
738 3978 796 4059 qui
818 3975 943 4043 deside.

86 4119 125 4171 tn
143 4077 267 4169 bonum
284 4116 317 4164 se
332 4099 452 4168 adferte
467 4098 691 4183 profiteretur:
715 4093 810 4183 isque
824 4098 860 4157 in
876 4089 946 4185 pri!

474 4213 551 4305 L4
783 4251 788 4258 ·
830 4259 833 4269 ·
885 4206 950 4283 un
