2362 4936
928 360 933 371 x

182 623 244 698 DE
266 618 673 710 IMMOR'I’ALITATE
695 619 845 702 ANIMI.
918 617 987 697 ior

366 920 368 932 '
466 929 576 966 Μ

293 1162 742 1240 CONCLUSIO.

92 1401 219 1488 Igitur,
250 1379 444 1467 Doctissimi
470 1399 564 1481 Vtri,
594 1401 741 1484 apparuit
767 1418 876 1468 verum
902 1418 975 1470 essa

86 1520 145 1584 iod
177 1518 217 1584 ab
244 1517 340 1584 initio
366 1517 455 1598 dixi,
483 1515 704 1598 Philosophoa
731 1512 908 1599 profecisse
938 1517 974 1584 in

88 1658 118 1703 m
139 1637 267 1720 quidem
288 1652 435 1721 partem,
460 1649 497 1701 ut
515 1633 710 1717 efficeretur,
726 1634 883 1701 Animum
901 1651 980 1718 post

86 1752 209 1835 orporis
228 1730 364 1817 mortem
384 1766 561 1830 remanera3
586 1748 692 1829 qualis
715 1762 819 1813 autem
844 1749 889 1813 sit
915 1762 982 1814 sta·

89 1886 104 1932 s
123 1882 154 1932 et
173 1867 321 1933 conditio
340 1865 452 1933 Animi
470 1884 490 1931 a
505 1863 655 1946 Corpore
678 1862 800 1943 soluti,
822 1877 982 1930 tentatum

86 2009 89 2040 ·
120 1981 184 2063 iis,
206 2001 273 2049 non
298 1982 375 2048 item
402 1995 593 2059 ostensum,
616 1997 699 2047 esre.
751 1978 803 2044 Ex
825 1977 979 2045 omnibus

86 2109 153 2161 ,tem
202 2095 347 2178 patronis
381 2092 636 2161 Immortalitatis
670 2090 809 2176 plurima
840 2092 980 2173 protulit

86 2225 231 2298 gumenta
257 2213 367 2279 Plator
400 2229 513 2292 aquo
545 2195 716 2276 secundus
742 2207 850 2272 haberi
885 2208 981 2274 debet

86 2344 185 2404 cera,
217 2324 391 2407 deperditis
427 2324 557 2405 quidem
597 2322 728 2404 scriptis
760 2320 981 2403 Philosopho·

86 2460 115 2505 m
143 2442 341 2522 reliquorum
371 2442 497 2508 Veteris
518 2437 728 2518 Academiae,
751 2434 853 2503 veluti
871 2441 982 2504 Xeno-

86 2555 168 2636 atis,
193 2555 384 2637 Crantoris,
408 2571 440 2621 et
461 2555 640 2636 similium,
665 2553 724 2637 qui
742 2553 885 2620 Platonis
902 2571 981 2619 sen·

86 2672 176 2739 niam
214 2671 347 2738 uberius
384 2663 622 2754 explicuerunt,
673 2672 870 2755 Argumenta
900 2688 978 2737 vero

86 2793 187 2891 plicis
206 2793 331 2878 generis
348 2793 500 2876 fueruntt
526 2794 578 2860 vel
600 2794 784 2877 apraemiis
805 2809 837 2861 et
863 2795 979 2878 poenis

87 2927 123 2976 st
147 2910 228 2976 hane
251 2913 348 2977 vitant
373 2911 539 3002 desumto²
563 2928 643 2993 quae
670 2911 734 2995 jam
764 2926 838 2978 ante
860 2911 979 2978 Thale-

86 3044 108 3090 n
130 3023 261 3090 fuerunt
281 3027 432 3108 quidem,
449 3046 507 3092 nec
527 3042 630 3094 tamen
647 3028 841 3112 perspicue,
861 3043 980 3098 tracta·

86 3159 93 3206 r
123 3138 172 3201 vel
200 3155 237 3206 ex
265 3138 334 3221 ipsi
356 3145 471 3207 natura
486 3141 597 3206 Animi
625 3144 785 3224 repetita,
808 3162 889 3225 quae
904 3145 979 3213 inda

86 3275 174 3325 mum
195 3257 433 3343 inventarum.
480 3265 566 3340 lam,
588 3271 626 3324 ut
654 3260 693 3325 de
715 3259 858 3327 Platonis
882 3282 977 3349 argu·

86 3375 162 3442 ntia
188 3377 266 3442 satis
292 3394 356 3443 suo
377 3377 452 3443 ioco
479 3374 698 3457 dictumest,
722 3375 978 3446 universenota.

86 3511 138 3571 rs,
168 3510 310 3572 omnes,
347 3491 404 3572 qui
443 3489 597 3570 Animum
631 3489 772 3574 Corpori
806 3508 976 3574 superessa

86 3621 245 3687 ‚tuerent,
277 3606 311 3672 in
344 3605 396 3672 his
433 3603 498 3672 sera
535 3606 716 3672 rationibus
749 3610 972 3678 consensisses

86 3737 113 3783 n
141 3735 213 3785 esse
238 3720 290 3800 vei
320 3719 507 3805 participem
526 3718 661 3786 Divinae
683 3733 815 3786 naturae
832 3721 882 3786 vel
900 3741 975 3805 par«

86 3850 102 3895 n
127 3830 234 3911 ipsius
251 3830 310 3896 Dei
319 3877 336 3912 ‚,
355 3847 523 3915 propterea
540 3834 629 3921 quod
646 3834 812 3917 cogitandi
829 3837 864 3917 vi
883 3855 974 3920 prae·

90 3965 133 4010 us
150 3962 256 4028 esset,
279 3963 310 4013 et
329 3949 522 4033 principium
542 3966 671 4017 suatum
691 3952 855 4022 actionum
882 3955 916 4021 in
938 3970 985 4035 sa'

86 4079 117 4126 re
139 4060 289 4144 haberet;
314 4064 413 4146 igitur
438 4085 509 4148 aum
537 4066 698 4149 Corporis
717 4084 820 4136 morte
837 4088 904 4136 non
918 4072 975 4141 dez

86 4175 122 4241 ui
133 4221 146 4260 ,
171 4177 228 4244 sed
246 4180 297 4247 vel
316 4198 440 4268 semper
457 4201 605 4265 manare,
628 4187 719 4268 quod
746 4185 973 4276 Pythagoricis

100 4305 107 4317 '
528 4297 626 4384 Ttp
939 4314 975 4373 er
