2362 4936
101 599 186 673 nr:
293 530 781 669 2'·‘··rrssunours··
849 622 884 631 ·-

104 785 270 869 inprimis
285 774 485 855 iucnient'oe'.
503 848 506 854 .
527 782 603 867 lpse
626 784 704 850 iiiuc
721 782 930 867 proficiscens
948 788 951 801 '

103 899 214 971 fratris
229 904 281 969 sni
301 901 405 970 filiurn
422 903 461 969 in'
474 900 641 968 cohortem
659 918 749 967 suurn
768 904 944 984 assumsit,

104 1037 180 1087 nere
206 1006 395 1103 Adiutoreni
422 1018 659 1099 Caenonem
675 1018 774 1102 gradu
801 1019 951 1088 centuri<

105 1135 298 1219 qututus.
325 1136 370 1200 rit
386 1136 547 1217 sp'ernum
566 1134 750 1227 provinciae
768 1133 911 1201 fructum
928 1156 951 1202 e«

105 1266 192 1316 enno
217 1240 466 1332 potenninus
498 1248 683 1333 intercepite
725 1245 951 1316 Stnctncrucir

104 1363 242 1447 putrium
258 1364 375 1445 rediit«,
395 1364 501 1447 patrui
515 1354 590 1432 'tcto
607 1362 771 1448 prnet'urit·
780 1364 863 1450 Regi
880 1369 951 1433 redd

93 1477 151 1567 'ab
182 1494 311 1561 eoque,
345 1479 448 1545 donec
481 1479 644 1546 centuriae
677 1479 925 1573 praeficeretur,

109 1593 331 1662 Grentdnrios
349 1595 503 1663 Franciue
519 1598 654 1663 tilectus
670 1613 743 1665 este
767 1598 815 1666 sic
833 1613 903 1666 turn
918 1600 949 1666 di

105 1722 163 1775 tur
176 1722 239 1775 une
256 1725 296 1774 ex
313 1705 538 1794 Legionibus,
562 1710 683 1793 quibus
701 1711 762 1776 ilos
781 1709 946 1794 peditntus

106 1824 165 1891 lici
192 1837 396 1907 censeretur,
419 1838 502 1908 quie
516 1837 690 1908 corporum
710 1824 826 1892 robore
848 1845 885 1894 ee
903 1846 951 1910 prr

107 1951 197 2021 tute‚·
212 1945 338 2007 morunt
358 1940 561 2023 urbanitnte,
578 1941 722 2026 priscum
736 1943 869 2028 junctae
886 1962 951 2010 eun

107 2055 262 2124 munitate
296 2053 502 2123 fortitudinis
519 2058 702 2139 exemplum
730 2056 848 2124 referre
866 2058 951 2134 rideo

108 2160 185 2261 Qus
212 2175 247 2241 iu
274 2173 443 2259 Legione,
475 2187 520 2241 ut·
535 2189 591 2259 per
616 2186 745 2258 tempus
770 2175 951 2258 conquritur

110 2306 288 2375 peretum,
310 2291 381 2358 otio
400 2290 591 2373 obundens‘,
610 2298 715 2359 totum
734 2290 798 2356 h‘oc
818 2292 861 2359 sci
873 2294 951 2360 recol

109 2405 292 2476 Liternum
315 2407 422 2473 studia
441 2406 602 2487 contulit3
626 2406 715 2474 omni
739 2403 887 2473 Historia
909 2420 940 2473 et

95 2523 244 2605 'gnpino
278 2523 518 2606 pertractando,
554 2522 642 2588 omni
674 2521 883 2603 Antiquittte
909 2523 951 2607 ejr

109 2621 258 2721 portibus
295 2637 555 2719 cognoscendis,
589 2636 724 2703 Graecis
755 2653 785 2703 et
810 2638 941 2706 Latinis

109 2747 266 2832 ptoribus
293 2747 450 2832 legendis.
494 2751 557 2817 Sed
582 2768 682 2833 quun
703 2752 903 2821 stationibus
920 2773 949 2820 m

109 2864 163 2934 dis
188 2866 222 2932 in
238 2867 309 2930 loca
330 2878 423 2948 saepe
439 2863 560 2932 veniret
585 2865 755 2951 illiterata,
779 2869 951 2954 inquibus

110 2982 252 3049 nendum
269 2994 300 3045 et
319 2980 411 3048 libris
429 2984 599 3048 carendum
617 2998 721 3065 esset,
745 2985 805 3051 ine
822 2987 855 3051 in
874 2986 951 3070 prin

109 3114 231 3163 cuussu
249 3096 395 3164 militium
411 3109 575 3180 pertaesus
586 3134 604 3178 φ
622 3109 662 3164 ea·
677 3117 710 3165 se
731 3101 917 3182 abdicavit,
941 3101 951 3164 i

112 3214 184 3280 bem
211 3215 349 3281 natalem
373 3213 413 3278 ad
435 3228 555 3296 petrem
576 3214 669 3279 rediit
689 3215 857 3295 unpiiset
876 3217 951 3283 aviti

110 3335 166 3402 nis
183 3333 361 3411 fruentem,
385 3344 418 3397 et
442 3331 593 3415 inhujus
616 3331 675 3397 filii
700 3346 759 3412 spe
778 3331 951 3413 acquiesco

111 3455 215 3524 Filius
240 3453 274 3521 in
289 3451 470 3520 Litererum
490 3450 602 3517 studio
619 3468 781 3535 pergens,
803 3469 929 3535 petrem

111 3569 193 3652 quio
214 3583 246 3634 et
272 3567 389 3651 pietate
410 3566 556 3633 colebete
586 3576 656 3631 tuor
690 3576 791 3647 uero,
825 3584 862 3635 ut
902 3587 951 3636 ser

111 3695 176 3754 tent
199 3689 269 3773 ejus
285 3687 389 3770 nugis
401 3687 497 3752 etiem
515 3685 692 3754 oblectaret
718 3699 750 3752 et
771 3680 951 3754 exhiiornre

111 3802 213 3884 huius
238 3801 427 3881 voluntate,
448 3814 481 3865 et
503 3817 561 3864 sut
586 3800 658 3881 ipse
682 3797 778 3865 animi
803 3802 951 3866 senteuti:

112 3916 361 3997 Muchxx,
397 3934 528 3982 uxorem
555 3916 648 3983 duxit
674 3916 809 4001 egregiis
837 3919 937 3986 enimi

116 4033 230 4114 niiqne
254 4031 388 4099 dotibus
415 4033 690 4100 commendaturus
720 4050 844 4116 exque
868 4055 947 4104 mox

114 4148 203 4221 filios
221 4162 253 4216 et
270 4138 366 4216 filiurn
386 4147 544 4236 suscepit.
589 4149 708 4235 Neque
726 4165 833 4222 tameo
854 4158 900 4224 rei
920 4156 951 4224 fa
