2362 4936
103 557 186 653 gg.
347 535 764 629 ,nnnstotn

123 738 170 815 sit
186 734 226 804 ad
240 727 416 800 sententiae
429 725 649 810 cognitionem
667 723 844 807 pervenire.
887 718 1069 809 Equidem.

126 847 259 923 memini
274 863 326 913 mc
343 842 515 924 aliquando
531 840 566 907 in
583 839 773 909 istiusmodi
790 839 985 923 flagitatores
1003 843 1056 910 in·

123 968 261 1041 cidisse.
312 960 358 1026 Et
383 956 439 1024 Tu
466 955 606 1022 fortasse
635 974 768 1039 quoque
791 955 971 1039 incideris,
1010 959 1056 1026 mi

124 1080 274 1150 chsde.
325 1074 397 1142 Nec
419 1075 537 1140 desunt
561 1074 619 1156 qui
642 1073 780 1140 istorum
806 1076 961 1142 desideria
981 1097 1059 1160 pro-

128 1198 220 1268 bent.
263 1193 416 1262 Vidimus
436 1191 615 1275 aliquando
633 1190 725 1258 viros
743 1192 908 1259 doctrinae
922 1197 1061 1263 tuendae

130 1315 269 1397 socios,
280 1326 438 1379 certamen
449 1329 486 1376 ac
501 1307 675 1392 praemium
691 1326 870 1393 proponere
878 1310 1062 1396 disceptan-

123 1436 192 1505 dae
209 1429 416 1515 quaestioni,
439 1428 606 1510 quomodo
623 1425 720 1510 poeta
736 1424 853 1510 Belga,
866 1427 899 1492 id
915 1441 984 1512 est,
1000 1430 1062 1496 ho·

134 1569 193 1620 mo
208 1548 339 1634 Belgica
355 1547 468 1630 lingua
487 1560 599 1610 versus
613 1541 779 1625 scribens,
792 1543 845 1609 vel
858 1543 1062 1629 scripturus,

133 1666 278 1735 Graecae
294 1663 425 1747 linguae
440 1675 577 1741 expers,
600 1657 640 1723 ad
665 1655 799 1723 Homeri
821 1655 1063 1742 intelligentiam

135 1780 306 1868 pervenire
320 1776 439 1861 possit.
484 1772 582 1840 Haud
601 1770 695 1837 mirer
711 1771 741 1837 si
755 1770 929 1853 aliquando
945 1793 1067 1859 propo·

136 1916 256 1985 matur,
279 1896 447 1982 quomodo
468 1891 687 1980 philosophus
705 1889 828 1974 Belga,
849 1889 990 1958 Graecae
1006 1892 1071 1958 lin·
1094 1964 1097 1971 ,

136 2036 221 2106 guae
242 2033 377 2098 expers,
400 2013 441 2080 ad
464 2009 608 2077 Platonis
633 2006 875 2093 intelligentiam
903 2013 1070 2092 pervenire

137 2132 264 2221 possit.
310 2130 390 2211 Tu,
410 2129 440 2196 si
459 2125 544 2194 forte
563 2126 596 2193 in
618 2139 776 2191 certamen
801 2125 997 2207 descendes,
1022 2127 1071 2194 vi·

142 2249 235 2316 debis
255 2246 335 2329 quid
353 2244 557 2327 respondeas.
603 2240 677 2326 Ego
694 2260 761 2307 non
778 2241 980 2309 descendam.
1010 2243 1071 2311 Sed

139 2365 305 2434 internos
325 2363 555 2446 respondeam,
578 2377 682 2440 neque
699 2357 855 2439 Homeri,
877 2376 983 2442 neque
999 2361 1072 2427 Pla·

139 2481 234 2551 ‘tonis
248 2460 404 2563 scripta,
428 2495 621 2560 quemquam
647 2476 824 2558 intelligere
847 2476 912 2542 nisi
935 2478 1077 2546 Graecae

142 2596 274 2683 linguae
300 2610 448 2662 accurate
475 2593 719 2675 intelligentem.
770 2593 805 2660 Si
823 2572 878 2660 ”ῃί1
901 2596 966 2661 nisi
990 2596 1077 2666 facta

139 2712 354 2797 quaerimus,
379 2722 414 2771 ut
433 2706 467 2771 in
484 2704 642 2788 historia,
666 2706 775 2790 possit
791 2728 868 2777 saue
883 2713 1025 2795 scriptor
1043 2715 1077 2781 in

145 2828 313 2912 vulgarem
336 2822 478 2906 linguam
509 2822 612 2889 verti:
636 2824 693 2888 sed
709 2822 773 2905 ita,
797 2839 835 2891 ut
859 2844 965 2909 pereat
982 2848 1077 2897 omne

150 2942 310 3010 orationis
326 2940 435 3006 lumen
452 2953 485 3003 et
502 2956 659 3018 acumen,
673 2939 781 3007 omnis
797 2940 932 3009 affectus
948 2964 1078 3013 sensus·

150 3074 218 3142 que
244 3052 422 3135 dictionis,
452 3053 559 3118 omnis
586 3052 703 3135 gratiae
729 3055 972 3139 venustatisque
995 3058 1078 3126 flost

151 3192 235 3258 quae
261 3171 369 3243 omnia
397 3168 537 3253 singulis
560 3168 667 3238 verbis
692 3181 724 3234 et
739 3174 986 3240 constructione
1000 3196 1083 3245 con·

153 3288 323 3368 timentur,
346 3304 406 3354 nec
435 3285 496 3351 alia
521 3283 554 3351 iu
581 3285 690 3368 lingua
718 3287 837 3369 pariter
852 3292 987 3371 exprimi
1007 3313 1086 3376 pos·

154 3419 257 3476 aunt:
282 3405 386 3472 veluti
410 3422 448 3472 ex
473 3420 595 3500 ⁴magno
617 3404 785 3473 intervallo
809 3407 915 3490 pulcri
935 3413 1083 3492 corporis

154 3521 302 3592 nonnisi
315 3521 499 3589 universam
515 3519 629 3586 faciem
645 3522 794 3588 extremis
810 3523 902 3604 quasi
919 3525 1012 3591 lineis
1029 3528 1085 3593 de·

154 3640 313 3727 signatam
331 3637 497 3705 videmus:
517 3638 694 3723 peculiares
711 3640 942 3723 pulcritudinis
954 3659 1085 3727 partes,

156 3775 220 3835 os,
243 3756 381 3835 oculos,
407 3751 584 3835 obtutum,
608 3755 819 3848 lineamenta,
850 3757 999 3840 vultum,
1033 3782 1088 3829 co·

156 3872 282 3951 iorem,
306 3871 405 3937 animi
425 3877 618 3953 morumque
634 3871 927 3960 significationem,
949 3896 1016 3946 non
1040 3881 1091 3948 vi·

157 3986 282 4053 demus.
335 3984 453 4068 Neque
486 3987 563 4054 adeo
593 3986 678 4054 facta
705 3989 778 4072 ipsa
805 4006 888 4057 recte
913 3994 1089 4080 intelligere

156 4117 363 4187 possumus,
386 4099 457 4167 sine
477 4099 664 4187 cognitione
679 4103 896 4193 opinionum,
919 4111 1091 4179 instituto·

991 4241 1086 4312 tum,
