2362 4936
159 841 973 996 asasutu1osj

94 1266 139 1313 ¹.
244 1235 737 1329 »caucasum
915 1306 975 1343 .-‚

86 1532 527 1698 utacuuuauaau
563 1562 969 1677 nocumujuuu'

378 2317 382 2325 .
414 2225 469 2319 L.
526 2229 580 2318 St

86 2570 190 2646 *eptem
204 2556 283 2626 anni
299 2566 399 2635 sunt,
421 2552 513 2636 quod
537 2551 589 2620 hic
613 2556 695 2623 liber
726 2556 824 2624 scribi
845 2579 882 2628 ac
907 2575 962 2647 tyn·

86 2676 244 2746 :dcscribi
258 2689 395 2756 coeptus
413 2687 478 2737 est.
511 2670 611 2758 Quod
622 2670 765 2755 spatium
784 2694 884 2757 quum
904 2699 965 2762 pu·

86 2813 119 2861 ce
131 2808 164 2860 et
179 2791 332 2876 privatim
348 2791 381 2855 in
398 2788 616 2869 incredibilem
635 2803 816 2873 temporum
832 2809 965 2862 nostro.

86 2911 307 2976 nvacietatem
327 2905 506 2989 incidereta
528 2907 568 2995 ad
596 2906 677 2975 hanc
702 2925 964 2994 argumentorum

86 3039 177 3092 tectus
203 3038 235 3090 et
253 3022 426 3105 explicatio
443 3023 678 3091 accommodari
696 3021 826 3091 debuit:
850 3045 964 3108 quam·

86 3153 335 3221 matrumque
369 3137 482 3219 ctiam,
512 3141 613 3205 ueteri
638 3155 754 3206 nostro
781 3141 963 3224 instituto,

86 3272 220 3323 notanter
238 3257 278 3321 ad
307 3254 438 3320 virtutis
462 3255 689 3338 doctrinacque
715 3253 858 3322 fructum
879 3273 967 3322 retu·

86 3393 145 3442 tus.
188 3371 253 3439 sed
272 3370 305 3436 in
326 3383 416 3435 tanto
435 3370 544 3450 spatio
561 3389 597 3443 ac
614 3385 797 3453 temporum
815 3372 967 3437 varietate
1057 3375 1058 3378 ’

86 3489 130 3555 tle
154 3486 225 3557 ficri
255 3499 402 3571 poterat,
424 3499 462 3560 ut
496 3486 647 3567 quaedam
674 3502 859 3570 argumenta
884 3486 970 3553 inter

86 3604 244 3671 t'bmdum
263 3622 299 3668 ac
326 3603 569 3680 describendum
590 3608 799 3681 necessariam
822 3624 968 3672 caussam

86 3719 207 3800 tentia,
251 3718 442 3802 justumque
478 3717 541 3784 sibi
570 3719 633 3800 hoc
663 3719 697 3788 in
738 3719 822 3791 libro
862 3725 974 3795 locum

86 3836 239 3903 stulantia
267 3835 514 3917 insequentibus
542 3836 635 3909 annia
661 3855 895 3920 supervacanea
920 3839 973 3902 vi·

86 3946 200 4029 untur,
267 3956 376 4036 Atque
411 3951 600 4039 hujusmodi
642 3957 806 4040 negotium
851 3955 974 4038 aliquis

86 4076 158 4142 icus
186 4085 298 4141 noster
320 4071 449 4153 putauit
478 4088 547 4136 esse
562 4069 697 4137 duacum
716 4089 922 4139 censurarum
943 4068 974 4135 ΙΙ

94 4192 142 4271 ul
177 4187 391 4262 admonendis
425 4186 548 4255 nostris
588 4186 801 4275 sycophantis
835 4183 974 4262 scripta·

239 4320 242 4325 ·
566 4303 638 4392 Χ3
875 4312 974 4387 tutat
