2362 4936
299 498 385 610 ΑΒ
437 505 838 610 noscnrun.
969 532 1038 641 ..53

107 718 440 809 monimentumque
456 738 561 797 vetere
582 721 753 796 Musarum
769 727 966 797 commercio
983 748 1034 798 rs·

118 855 427 916 crentetsustentat‚
652 917 656 927 ,

151 955 227 1021 Huic
240 956 552 1042 conjunctissimus,
569 956 698 1042 ingenio
715 969 746 1024 ct
759 970 939 1040 temporum
957 959 1028 1029 fors

123 1078 188 1137 tuna
202 1072 389 1153 persimilis,
402 1071 437 1137 N
439 1072 562 1139 icolaus
573 1072 781 1155 Paradysius,
796 1073 939 1139 medicus
952 1094 1033 1148 ron.

129 1190 176 1258 iis
189 1187 314 1269 beditas
330 1187 457 1267 ἄλλων,
477 1188 541 1272 jam
568 1202 646 1252 tunc
669 1187 797 1270 juvenis
814 1188 948 1271 eleganti
966 1188 1026 1254 Li.

131 1311 291 1366 suammet
314 1300 504 1367 Latinitatis
526 1301 652 1385 judicio
673 1299 818 1370 valebatz
844 1319 906 1368 usu
929 1319 960 1368 et
977 1324 1029 1372 raa

132 1413 203 1481 tione
220 1416 384 1483 medicinae
401 1416 560 1483 excellens
587 1413 770 1480 assumebat
794 1414 959 1483 historiam
977 1438 1029 1484 aa.

135 1528 184 1609 tis,
200 1546 228 1594 ut
246 1530 337 1596 sciret
364 1530 445 1613 quid
462 1530 613 1612 antiquae
629 1543 715 1595 esset
732 1528 917 1611 doctrinae,
940 1533 1022 1615 quid

136 1647 302 1714 securioris:
322 1645 475 1713 Veterum
486 1658 517 1712 et
535 1645 773 1726 simplicitatem
792 1662 977 1728 sequeretur
991 1662 1025 1721 ct

135 1760 316 1826 auctoritatem
336 1776 499 1841 tueretur,
519 1777 650 1842 eamque
669 1760 709 1825 ab
728 1774 920 1828 novatorum
939 1766 1023 1828 cala·

137 1870 269 1939 mistriset
283 1874 444 1948 cincinnis
461 1874 613 1959 integram
639 1889 798 1950 servarett
824 1876 940 1942 similis
956 1879 1020 1943 has

134 1984 316 2057 interciliccr
332 1989 410 2056 Tibi
423 1988 640 2075 ,missosclti,
659 1991 826 2071 antiquum
846 1991 1017 2061 obtinenst

133 2115 254 2170 tactuum
271 2124 397 2187 sermo,
424 2113 532 2191 raupa
555 2109 634 2188 uin,
653 2109 741 2174 ἀλλὰ
768 2104 861 2183 nita
883 2110 1016 2188 ortos,

136 2230 166 2286 tx
178 2219 299 2289 audiendi
319 2222 451 2310 sileptio
469 2236 501 2285 ct
520 2218 684 2304 cogitandi
701 2219 846 2285 acumine
862 2221 1021 2288 existebat

139 2329 259 2413 subtilis,
278 2337 488 2420 perspicuus,
513 2334 583 2399 suis
605 2332 751 2415 partibus
781 2351 906 2413 nexus,
926 2333 1024 2400 inter·

133 2461 238 2525 apertus
255 2450 416 2534 leporibus
439 2464 471 2517 et
496 2448 628 2520 aculeis.
673 2444 772 2509 Nunc
790 2463 829 2510 ex
846 2461 948 2511 vetere
965 2468 1023 2514 so·

127 2562 176 2629 dcli
189 2585 281 2634 nonus
298 2567 446 2651 collega,
472 2581 567 2646 saepe
585 2559 664 2627 mibi
682 2557 826 2627 sodalitii
843 2559 932 2629 illius
948 2564 1021 2628 dui.

125 2679 238 2748 tedinem
251 2697 281 2749 et
297 2695 402 2751 narrat
417 2691 448 2744 et
465 2675 571 2749 refert,
615 2672 678 2740 Sed
696 2692 794 2760 pergo
808 2676 848 2741 ad
863 2693 1017 2749 caeteros.

155 2794 239 2866 chr.
261 2797 380 2867 Const.
405 2794 510 2872 Cras,
534 2790 670 2872 eodem,
694 2810 762 2873 quo
789 2810 871 2874 ego,
894 2808 1017 2876 tempo·

123 2925 165 2989 te,
179 2910 313 2992 privatus
328 2909 428 2989 item,
443 2906 541 2973 Laida
558 2884 832 2985 Amstelodamum
847 2904 886 2970 ad
903 2925 1021 2974 ornan·

125 3023 178 3088 dam
191 3027 359 3092 cathedram
385 3033 542 3088 uocatus:
567 3039 647 3102 quae
665 3018 814 3087 fortunae
828 3019 1017 3091 communio
1123 3070 1126 3076 -

118 3138 230 3220 primum
247 3138 367 3214 notitia
384 3155 467 3226 uqa,
490 3152 558 3203 tum
577 3134 809 3207 consuetudine
825 3151 856 3202 et
879 3138 1019 3213 amicitia

116 3257 295 3325 conciliauit:
319 3255 360 3320 ad
373 3250 666 3339 Jurispmdentiam
683 3251 855 3316 docendam
873 3252 938 3318 duo
952 3260 1022 3323 mad

114 3388 161 3454 gur
175 3373 353 3453 adferebat,
377 3366 500 3450 quibus
525 3384 592 3433 eam
610 3384 642 3433 et
660 3365 797 3440 firmaret
815 3381 844 3432 at
864 3381 1013 3451 ornaret,

111 3487 285 3571 pdjumcnta:
315 3485 475 3561 alterum,
510 3499 603 3552 usum
638 3479 841 3562 Ciceronis,
879 3483 1015 3566 indeque

110 3602 215 3671 ductam
229 3602 368 3683 Latinae
382 3594 539 3670 orationis
552 3595 747 3661 bonitatem:
764 3597 920 3680 alterum,
938 3600 1014 3666 Pri.

109 3710 250 3802 losophiae
275 3713 520 3802 cognitionem
551 3724 588 3778 ut
610 3691 699 3776 ¹inter
722 3710 885 3797 principes
906 3715 1013 3802 Juris-
1111 3698 1115 3706 ¹

108 3833 265 3909 prudentiae
290 3846 324 3897 ct
351 3831 394 3898 ad
417 3831 487 3911 ejus
511 3820 614 3901 laudis
640 3823 881 3895 similitudinem
902 3852 1012 3913 perve-

106 3947 188 4028 nerit,
206 3968 305 4032 quam
333 3944 449 4011 Servio
466 3941 611 4024 Sulpicio
630 3941 746 4008 tribuit
765 3942 880 4011 Cicero
903 3936 1011 4032 (aru,

103 4067 196 4160 tuq,
213 4082 269 4154 41,
282 4064 327 4150 )e
351 4071 386 4135 er
404 4057 602 4153 eloquentiae
620 4058 807 4136 assumserit
831 4075 952 4129 tantum
970 4077 1008 4127 ut

953 4175 1012 4264 Ju-
