2362 4936
256 559 346 629 AD
398 500 804 633 HEUSDIUM·
960 552 1008 642 'n

67 734 116 820 its
136 745 486 830 interpretationisque
505 749 631 830 sylvam
649 747 780 818 duobus
797 747 884 818 locis
899 752 1008 824 conti.

73 865 150 947 ueri,
173 865 282 929 altero
295 869 334 930 iri
350 866 418 953 ipso
433 867 614 952 scriptore,
636 865 736 931 altero
754 879 843 931 extra
866 884 940 933 eum
968 873 1006 938 in

69 981 137 1050 aliis
156 980 395 1069 scriptoribus.
990 980 994 989 '

87 1096 90 1101 ’
106 1098 215 1186 ipsum
232 1102 429 1186 scriptorem
443 1095 587 1163 bifariam
601 1097 760 1164 dicimus:
781 1096 885 1180 primo
896 1096 1006 1186 ipsum

69 1217 246 1296 hominem,
267 1215 345 1296 quis
358 1260 371 1296 ,
384 1215 537 1298 quando,
555 1214 635 1297 ubi,
652 1214 773 1298 quibus
792 1215 1003 1300 parentibus,

72 1347 128 1412 qua
146 1342 269 1413 gente,
292 1328 420 1412 patria,
442 1327 526 1393 vitae
551 1326 678 1392 actione
698 1340 731 1391 et
756 1324 854 1392 factis
878 1324 998 1395 fuerit:

74 1444 199 1535 deinde,
217 1446 292 1523 cius
316 1448 454 1532 scripta.
500 1439 623 1509 Peioris
640 1441 763 1526 generis
782 1441 1004 1524 cognitionem

71 1579 159 1644 saepe
173 1560 272 1627 etiam
290 1577 330 1626 ex
345 1557 502 1625 Literaria
519 1555 666 1622 ¹Historia
684 1544 871 1639 percipiunt
890 1554 998 1622 homi·

69 1699 143 1762 nes,
174 1681 237 1763 qui
270 1679 344 1764 ipsa
371 1675 538 1761 scriptoris
565 1671 686 1757 scripta
712 1691 888 1755 numquam
916 1676 1001 1759 lege·

70 1808 160 1877 runt;
186 1791 365 1877 quomagis
388 1809 424 1857 ea
450 1787 547 1856 nobis
567 1803 599 1853 et
616 1786 723 1871 primo
748 1788 847 1869 loco,
870 1802 902 1853 et
924 1787 1002 1854 dili·

74 1927 192 1994 genter,
215 1910 354 1975 tenenda
371 1907 444 1973 erit.
491 1907 636 1972 Alterum
664 1923 789 1990 genus,
813 1906 903 1987 quod
923 1912 998 1993 ipsa

71 2026 186 2111 πῆμα
210 2023 383 2102 continet,
407 2019 440 2086 in
466 2036 606 2101 quorum
631 2017 770 2085 lectione
793 2035 825 2085 et
850 2034 1001 2088 accurata

74 2137 279 2223 intelligentia
298 2137 398 2204 nobis
413 2135 489 2203 finis
509 2136 615 2202 omnis
634 2150 764 2203 nostrae
778 2154 893 2220 operae
908 2137 1000 2220 posi·

79 2267 123 2318 ms
136 2269 203 2333 est,
228 2252 264 2318 in
280 2252 390 2318 tribus
407 2248 549 2317 cernitur
564 2232 737 2334 partibus,v
752 2250 910 2338 dictione,
929 2275 1001 2320 rua-

85 2376 180 2448 trrio,
191 2370 321 2453 forma.

114 2489 241 2569 Atque,
266 2481 428 2565 siquidem
448 2480 493 2546 ita
510 2483 625 2547 natura
641 2494 859 2564 comparatum
875 2498 944 2566 est,
962 2499 1001 2554 ut

73 2599 206 2666 :serbis
220 2597 263 2663 ad
281 2614 332 2661 res
345 2593 618 2676 proficiscendum
637 2594 704 2675 sit,
729 2597 868 2679 primum
884 2596 1001 2665 dictio·

75 2716 106 2777 ar·
119 2709 349 2776 studebimus:
372 2707 638 2773 consuetudinem
654 2710 848 2793 scriptoris,
870 2732 945 2780 cum
964 2714 1002 2783 iu

71 2828 203 2913 singulis
228 2825 361 2906 verbis,
383 2826 504 2890 tumim
529 2827 777 2896 construetione
800 2829 1001 2913 caeterisque

72 2945 213 3032 partibus
231 2940 416 3023 orationis,
439 2939 574 3026 figuris,
606 2942 797 3025 sententiis,
819 2947 999 3031 exemplis,

72 3058 390 3148 comparationibus,
414 3057 626 3142 notabimus,
649 3059 811 3128 indicibus
827 3061 1001 3147 consigna·
1042 3145 1046 3152 Ι

68 3180 192 3260 bimus,
214 3190 256 3245 ut
272 3189 419 3260 paratum
438 3176 611 3242 habeamus
626 3175 798 3259 Lexic0n‚
823 3181 918 3266 cujus
936 3199 999 3265 ope

70 3299 253 3383 scriptorem
272 3274 386 3361 secum
405 3294 512 3376 ipsum
528 3278 730 3362 conferamus
747 3309 778 3360 et
799 3314 837 3363 ea
855 3297 930 3379 ipso
947 3299 999 3365 in-

68 3425 293 3498 terpretemur:
322 3429 404 3492 quae
426 3412 527 3492 prima
549 3427 580 3476 et
604 3410 784 3478 certissima
813 3414 922 3482 omnis
945 3415 999 3482 in·

67 3530 252 3615 telligentiae
277 3539 330 3593 est
356 3526 429 3608 via,
456 3541 488 3591 et
516 3528 618 3594 totius
645 3528 869 3612 grammaticae
895 3532 994 3600 inter·

66 3648 248 3731 putationis
261 3643 521 3713 fundamentum.
556 3644 631 3731 Qua
648 3647 681 3713 in
697 3665 730 3713 re
743 3664 837 3731 saepe
850 3648 993 3718 officium

67 3766 234 3833 desideravi
258 3762 457 3844 Editorum‚
489 3764 547 3844 qui
580 3764 648 3829 suis
671 3765 869 3834 editionibus
898 3758 991 3835 nulla

68 3885 226 3950 verborum
245 3879 374 3949 Lexica
391 3880 534 3959 addunt,
557 3882 667 3962 itaque
692 3898 744 3947 eas
764 3897 826 3948 tam
845 3901 994 3951 necessa·

68 3997 114 4063 rio
126 3998 322 4087 intelligendi
333 3995 567 4082 judicandique
579 3997 728 4063 subsidio
741 4007 847 4063 'carere
863 4000 990 4065 sinunt.

67 4108 184 4188 Habent
194 4120 374 4205 pleraeque
385 4107 578 4181 Latinorum
591 4110 749 4179 editiones
763 4112 988 4199 Scriptoruma

893 4221 996 4297 Grae-
1042 4282 1046 4295 .
