2362 4936
230 594 527 690 ncasuours
556 558 816 687 surranum.
886 608 894 671 r
965 618 1019 706 ,ι

120 810 172 880 lem
185 803 337 884 rffmnns,
358 808 518 868 tumorem
532 809 564 863 ct
579 798 805 868 obscuritatem
823 801 1008 875 contrahat,

117 928 194 1018 Quod
213 925 320 992 titium
351 920 387 986 in
411 918 524 1004 paucis
539 917 631 983 libris
646 932 695 984 cst
713 917 887 1005 frequens,
914 925 1007 992 velta

118 1039 296 1126 nitgibus,
318 1035 476 1116 Timaeo,
497 1033 681 1116 Epistolis:
716 1035 748 1102 in
775 1036 924 1120 pluribus
946 1040 1008 1105 mia

117 1174 160 1224 nus
172 1154 330 1236 frequenst
354 1151 388 1217 in
406 1148 556 1233 plurimis
573 1166 709 1232 prorsus
722 1149 835 1232 alicae,
857 1151 914 1218 ubi
934 1170 1008 1233 pers

116 1272 239 1356 punitas
256 1283 288 1336 et
307 1269 379 1353 ipsa
394 1264 459 1333 sibi
476 1278 605 1333 cunstat
622 1263 656 1330 in
671 1265 815 1333 docendo
828 1285 863 1332 ac
879 1286 1007 1336 narran-

70 1424 72 1447 2
116 1390 165 1471 lu,
190 1403 216 1454 ct
241 1386 430 1455 suavitatem
457 1382 707 1467 gravitatemque
731 1382 871 1451 illustrat
896 1387 930 1453 ln
952 1387 1008 1453 de·

118 1502 233 1569 lccmndo
247 1514 276 1566 et
290 1498 552 1578 commovendo,
575 1508 607 1563 et·
628 1515 699 1563 eum
724 1514 828 1566 servat
849 1500 1007 1568 orationis

118 1616 252 1681 ordumm
276 1613 502 1693 coloremque,
529 1610 586 1693 qul
606 1604 649 1676 sit
674 1627 825 1692 apertus,
848 1612 1005 1697 simplex,

117 1729 248 1812 ducens,
263 1728 419 1812 limpidus
430 1773 443 1807 ,
452 1740 596 1813 puroque
613 1729 905 1794 simillimusamnl.
928 1728 1006 1815 Quo
1044 1782 1046 1787 .

119 1839 260 1926 ingemere
281 1838 389 1907 laudis
418 1859 453 1905 ac
475 1840 715 1923 perspicuitatis
741 1843 890 1910 censendi
911 1843 1007 1910 εῐίιαι

122 1957 329 2024 suutPluodon
354 1971 387 2022 ct
403 1953 620 2023 Conuiuiumt
644 1974 782 2039 quorum
806 1959 836 2025 si
853 1959 1007 2042 quaedam

117 2087 200 2155 putes
220 2074 336 2141 vitiosa
358 2071 557 2138 obscuritate
581 2071 711 2139 affectae
729 2088 830 2155 sunt,
853 2074 933 2139 hanc
952 2092 1004 2139 ue·

119 2187 298 2256 inclinatio
326 2206 421 2270 quam
450 2189 574 2254 auctori
597 2189 789 2256 tribuemus.
833 2189 895 2255 Sed
908 2189 1009 2256 Phae·

126 2302 198 2370 lonis
206 2305 293 2373 dictio
308 2304 464 2372 convenit
478 2304 571 2371 etiam
586 2308 698 2386 captui
722 2307 887 2386 tironum3
912 2305 1011 2389 quipe
1092 2374 1095 2379 ,

127 2434 161 2501 pc
173 2419 280 2504 simplex
292 2436 325 2487 et
342 2419 555 2498 uniusmodi,
578 2419 692 2483 usitata
710 2420 848 2497 Atticis,
864 2437 1010 2483 commu.

120 2531 162 2598 uis
172 2535 414 2620 colloquentibus
433 2534 532 2618 hujus
549 2531 667 2615 dialogi
683 2528 842 2615 personis.
886 2529 1011 2597 Conui·

117 2649 249 2719 minuo
270 2654 371 2735 paulo
390 2651 492 2734 magis
517 2647 707 2715 exercitatos
732 2647 869 2712 lectores
893 2663 1008 2730 pustu-

117 2764 171 2846 lst3
193 2769 304 2852 quippe
328 2769 416 2835 varia
443 2781 474 2832 et
506 2764 707 2846 multiplex,
738 2783 797 2846 pto
823 2783 956 2832 numero
976 2778 1009 2831 et

116 2878 236 2949 atinate
249 2883 497 2964 disserentium,
520 2900 658 2965 quorum
679 2882 838 2965 cujusque
856 2900 922 2949 non
939 2901 1008 2946 mo·

120 2989 331 3078 coingenitum,
354 2994 523 3062 sedetiam
545 2995 676 3078 propria
702 2996 827 3061 dicendi
851 2995 1010 3064 formast

121 3103 249 3177 thamus
272 3113 475 3195 exprimitur.
520 3110 621 3197 Quod
649 3111 708 3176 etsi
734 3130 800 3177 non
822 3130 1012 3194 magnopere

120 3222 303 3295 uumlorem
325 3227 441 3311 objicit
459 3229 497 3292 ad
514 3226 753 3309 intelligendum
771 3225 849 3307 quid
863 3229 1010 3308 dicatur,
1088 3214 1090 3218 ’

115 3335 151 3403 iu
164 3341 243 3410 obest
260 3344 300 3410 cd
319 3343 552 3408 observandum
570 3343 734 3423 quomodo
751 3358 782 3407 et
799 3359 893 3423 quam
908 3341 1013 3407 diver·

114 3454 281 3524 rediaturr
303 3476 363 3526 nec
382 3455 587 3524 animadverti
604 3473 713 3540 potest
731 3456 793 3522 nisi
811 3462 829 3523 l
847 3475 1010 3526 sensuau-
1080 3522 1082 3535 ,

110 3568 243 3659 libusque
260 3576 348 3642 tritis
362 3576 500 3641 notanda
514 3574 664 3640 varietate
680 3592 828 3658 generum
842 3574 1008 3643 orationis.

144 3683 181 3751 'lt
200 3688 256 3755 hac
273 3688 377 3773 igitur
395 3687 629 3755 minitationes
647 3689 845 3756 Phaedonem
863 3690 903 3755 ad
921 3709 1012 3774 prae·
1033 3760 1035 3765 ,

115 3808 208 3866 tentem
224 3803 356 3870 scholae
373 3819 457 3867 meae
480 3821 574 3868 usum
601 3804 881 3872 commendabant:
906 3821 936 3873 et
955 3825 1012 3873 uc·

112 3907 214 3977 tidelm
237 3915 293 3982 illc
312 3913 492 3997 cogitatio,
518 3932 616 3996 posse
640 3918 792 3997 quasdam
813 3935 1013 4002 argumenta»

109 4018 197 4092 doum
210 4028 350 4097 intectas
373 4032 640 4112 praetermitti,si
657 4031 740 4098 iorte
753 4036 1012 4117 adquorumdsm

104 4145 271 4219 wiotum
289 4149 483 4218 facultatem
506 4153 703 4238 modumque
726 4152 921 4224 difficiliores
933 4153 1017 4221 ecci·

966 4269 1022 4341 de·
