2362 4936
172 590 177 603 ·
222 568 485 643 uununoms
507 570 769 649 eburonum.
900 601 966 679 ¹¹7.

23 779 129 835 mrtem
154 762 246 831 omni
277 736 467 842 exceptione
493 761 596 845 majus
622 770 691 845 est3
723 763 884 844 siquidem
912 772 960 837 nii

20 878 176 964 inpedit,
200 875 384 958 quominus
410 873 539 939 animus
568 875 601 943 iu
626 876 686 944 hac
713 879 778 944 vita
804 883 957 952 notiones

25 991 223 1063 universaies
242 986 465 1072 praeceperit,
488 1005 562 1052 cum
582 1008 642 1056 sua
659 991 731 1074 ipse
753 993 956 1062 observatio·
989 1044 998 1064 ‚

23 1126 79 1188 ne,
89 1088 159 1173 tum
168 1102 356 1186 disciplina
370 1116 402 1167 et
418 1102 638 1170 admonitione
651 1105 844 1175 docentium.
867 1109 954 1178 Nam

25 1221 168 1313 defoute
190 1234 224 1287 ct
246 1220 346 1290 initio
362 1212 533 1286 notionum
550 1221 630 1312 duae
647 1236 725 1287 sunt
741 1240 857 1305 eaeque
872 1244 952 1292 con.

11 1341 129 1409 -nariae
138 1319 421 1419 Philosophorum
437 1335 630 1403 sententiae:
650 1340 746 1404 altera
761 1341 947 1409 Aristotelis

25 1474 53 1525 et
73 1456 219 1531 Lockii,
240 1454 297 1535 qui
323 1465 474 1520 statuunt
497 1452 697 1535 cognitionis
713 1454 841 1520 initium
860 1435 952 1539 posi·¹

26 1588 93 1639 tum
112 1571 229 1639 esseio
252 1570 408 1636 sensibus
432 1568 608 1652 Corporis,
625 1589 680 1651 pet
697 1589 783 1652 quos
808 1574 948 1654 primum

27 1688 170 1758 notiones
197 1703 302 1753 rerum
322 1699 521 1751 externarum
540 1682 648 1751 inferri
667 1686 700 1752 in
718 1686 870 1753 Animum
887 1708 950 1755 nu·

28 1804 96 1871 dum
114 1817 145 1869 et
161 1820 299 1871 vacuum
320 1800 362 1865 ab
382 1800 471 1866 omni
488 1799 640 1867 notione:
666 1803 763 1867 aitera
775 1786 960 1887 Platonis)

24 1916 84 2003 qui
99 1934 202 1985 tuetm
214 1916 321 1983 fuisse
335 1917 400 2000 jam
420 1916 568 1982 notiones
583 1915 617 1982 in
638 1916 758 1982 Animo
774 1916 956 2002 antequam

24 2044 57 2111 in
76 2042 207 2127 Corpus
231 2042 378 2110 reniret:
405 2040 526 2122 quippe
548 2039 603 2121 qui
621 2058 688 2106 non
713 2042 821 2124 possit
838 2011 945 2109 susci·¹

25 2180 94 2246 pere
118 2176 150 2227 et
170 2159 273 2225 reiuti
301 2175 476 2241 agnoscere
503 2157 658 2239 imagines
676 2175 780 2222 rerum
801 2170 947 2223 externa·
972 2148 977 2159 “

26 2296 95 2342 rum
122 2274 265 2345 sensibus
290 2273 492 2349 oblatarum,
528 2269 590 2335 nisi
609 2271 688 2335 alias
714 2269 805 2353 prius
828 2255 963 2337 habeat'

29 2389 199 2466 motiones,
218 2388 255 2453 ad
270 2404 353 2468 quas
372 2385 444 2464 iiius
463 2383 616 2466 imagines
640 2383 839 2451 extrinsecus
856 2384 946 2451 obla.

30 2519 78 2571 tas
102 2502 211 2573 referat
229 2520 324 2587 atque
340 2501 457 2583 exigat.
503 2496 589 2565 Haec
607 2513 657 2567 est
675 2501 832 2567 Platonici
851 2520 944 2584 argu·

26 2622 116 2689 menti
133 2622 204 2703 vis,
225 2638 322 2703 quam
350 2620 452 2702 vuigo
474 2636 540 2683 non
565 2618 644 2683 satis
666 2636 875 2700 perceperunt
892 2620 946 2687 In·

35 2750 188 2820 terpretes.
233 2734 384 2803 Platonis
410 2734 596 2808 sententiam
620 2747 753 2799 secutus
780 2751 828 2800 est
845 2734 943 2799 Leib-

29 2855 162 2937 nitzius,
191 2871 328 2935 ermque
353 2851 415 2917 sub
445 2849 574 2915 nomine
591 2847 773 2929 doctrinae
795 2848 835 2919 de
859 2847 944 2919 Ideis
1034 2892 1041 2901 --

29 2972 143 3036 innatis
171 2968 359 3036 celebravit.
418 2965 480 3031 Sed
510 2965 601 3030 Plato
635 2964 762 3046 quidem
788 2967 945 3035 conficere

25 3082 101 3151 -ltiuc
128 3086 250 3168 voluit,
283 3085 438 3151 Animum
470 3096 559 3149 antea
582 3082 616 3146 in
641 3082 712 3146 aliis
735 3078 944 3178 ²Corporibus

26 3197 152 3271 fuisses
182 3200 352 3268 Leibnitio
375 3197 436 3264 hoe
457 3215 557 3262 unum
582 3194 768 3277 satisfuit,
794 3198 945 3291 Animum

32 3319 169 3385 nodones
185 3318 343 3385 babuisse
359 3331 529 3397 antequam
549 3315 582 3382 in
599 3314 734 3398 Corpus
752 3319 885 3384 veniret.

63 3434 176 3520 Quinti
191 3434 387 3519 Argumenti
408 3434 545 3499 eiiicacia
564 3435 731 3516 repetenda
747 3448 796 3499 est
815 3454 852 3499 cx
873 3437 946 3504 uni.

10 3438 111 3731 fun
133 3551 279 3618 Platonis
314 3545 564 3629 distributione,
596 3526 812 3630 qud'omnem
839 3566 944 3614 rerum

28 3667 236 3736 substantium
265 3664 504 3733 multitudinem
524 3668 556 3732 in
575 3667 640 3731 duo
658 3666 813 3732 contraria
832 3684 946 3751 genera

24 3781 158 3863 dividit,
176 3784 314 3872 simplex
330 3796 361 3849 et
378 3787 602 3874 compositum,
620 3785 759 3853 caederis
775 3796 807 3849 et
823 3786 947 3855 nemas·

23 3917 89 3971 rar·
112 3918 268 3983 quemme
303 3901 366 3966 hoc
393 3900 590 3969 dissolvatur
614 3911 645 3964 et
671 3898 828 3965 continuo
845 3875 945 3965 mute·

10 4026 93 4143 ιω,
128 4011 206 4083 iliud
239 4013 380 4081 dissolvi
405 4028 542 4096 nequeat
575 4027 606 4101 et
632 4010 695 4077 sibi
718 4030 841 4095 semper
867 4032 945 4080 cou-

10 4144 86 4217 im.
135 4130 253 4222 Hujus
269 4128 442 4201 divisionis
461 4129 626 4199 veritatem
644 4130 839 4216 restringunt
860 4128 945 4194 Stoi·
1011 4132 1015 4147 '

10 4236 14 4251 '
394 4228 400 4237 ⁹
492 4248 571 4331 113
674 4254 677 4259 '
868 4242 946 4327 'ci,

10 3736 22 3837 i
