<?xml version="1.0" encoding="UTF-8"?>
<!DOCTYPE html PUBLIC "-//W3C//DTD XHTML 1.0 Transitional//EN"
    "http://www.w3.org/TR/xhtml1/DTD/xhtml1-transitional.dtd">
<html xmlns="http://www.w3.org/1999/xhtml" xml:lang="en" lang="en">
 <head>
  <title>
</title>
<meta http-equiv="Content-Type" content="text/html;charset=utf-8" />
  <meta name='ocr-system' content='tesseract 3.04.00' />
  <meta name='ocr-capabilities' content='ocr_page ocr_carea ocr_par ocr_line ocrx_word'/>
</head>
<body>
  <div class='ocr_page' id='page_1' title='image "./opusculavariiar00wyttgoog/opusculavariiar00wyttgoog_0098.png"; bbox 0 0 2362 4936; ppageno 0'>
   <div class='ocr_carea' id='block_1_1' title="bbox 216 120 1039 201">
    <p class='ocr_par' dir='ltr' id='par_1_1' title="bbox 216 120 1039 201">
     <span class='ocr_line' id='line_1_1' title="bbox 216 120 1039 201; baseline -0.016 0"><span class='ocrx_word' id='word_1_1' title='bbox 216 138 258 201; x_wconf 83' lang='lat'><strong>68</strong></span> <span class='ocrx_word' id='word_1_2' title='bbox 344 120 692 197; x_wconf 74' lang='lat' dir='ltr'><strong>PROLtGOltENA</strong></span> <span class='ocrx_word' id='word_1_3' title='bbox 715 141 761 188; x_wconf 75' lang='lat' dir='ltr'><strong>nx</strong></span> <span class='ocrx_word' id='word_1_4' title='bbox 785 122 1004 189; x_wconf 81' lang='lat' dir='ltr'><strong>EDITIONE</strong></span> <span class='ocrx_word' id='word_1_5' title='bbox 1035 152 1039 159; x_wconf 45' lang='lat'><strong><em>¹</em></strong></span> 
     </span>
    </p>
   </div>
   <div class='ocr_carea' id='block_1_2' title="bbox 182 305 1152 3864">
    <p class='ocr_par' dir='ltr' id='par_1_2' title="bbox 182 305 1152 3864">
     <span class='ocr_line' id='line_1_2' title="bbox 218 305 1150 400; baseline -0.012 -16"><span class='ocrx_word' id='word_1_6' title='bbox 218 335 284 400; x_wconf 87' lang='lat' dir='ltr'><strong>que</strong></span> <span class='ocrx_word' id='word_1_7' title='bbox 315 310 545 382; x_wconf 88' lang='lat' dir='ltr'><strong>consectandae</strong></span> <span class='ocrx_word' id='word_1_8' title='bbox 572 308 712 375; x_wconf 85' lang='lat' dir='ltr'><strong>laborem</strong></span> <span class='ocrx_word' id='word_1_9' title='bbox 741 305 823 373; x_wconf 87' lang='lat' dir='ltr'><strong>ferre</strong></span> <span class='ocrx_word' id='word_1_10' title='bbox 847 323 1010 391; x_wconf 82' lang='lat' dir='ltr'><strong>possent,</strong></span> <span class='ocrx_word' id='word_1_11' title='bbox 1042 326 1150 396; x_wconf 59' lang='lat' dir='ltr'><strong>atqua</strong></span> 
     </span>
     <span class='ocr_line' id='line_1_3' title="bbox 216 422 1146 525; baseline -0.005 -26"><span class='ocrx_word' id='word_1_12' title='bbox 216 435 296 500; x_wconf 82' lang='lat' dir='ltr'><strong>adeo</strong></span> <span class='ocrx_word' id='word_1_13' title='bbox 314 447 371 513; x_wconf 85' lang='lat' dir='ltr'><strong>pet</strong></span> <span class='ocrx_word' id='word_1_14' title='bbox 386 424 571 493; x_wconf 79' lang='lat' dir='ltr'>dialecticae</span> <span class='ocrx_word' id='word_1_15' title='bbox 589 422 796 488; x_wconf 76' lang='lat' dir='ltr'>subtilitatem</span> <span class='ocrx_word' id='word_1_16' title='bbox 824 424 1011 525; x_wconf 79' lang='lat' dir='ltr'><strong>&#39;td&#39;ethicae</strong></span> <span class='ocrx_word' id='word_1_17' title='bbox 1027 428 1146 494; x_wconf 74' lang='lat' dir='ltr'><strong>huma·</strong></span> 
     </span>
     <span class='ocr_line' id='line_1_4' title="bbox 215 538 1146 627; baseline -0.008 -10"><span class='ocrx_word' id='word_1_18' title='bbox 215 548 371 626; x_wconf 84' lang='lat' dir='ltr'><strong>nitatem,</strong></span> <span class='ocrx_word' id='word_1_19' title='bbox 405 557 436 606; x_wconf 93' lang='lat' dir='ltr'><strong>et</strong></span> <span class='ocrx_word' id='word_1_20' title='bbox 461 538 686 624; x_wconf 74' lang='lat' dir='ltr'><strong>physiologiae</strong></span> <span class='ocrx_word' id='word_1_21' title='bbox 707 538 927 619; x_wconf 87' lang='lat' dir='ltr'><strong>divinitatem,</strong></span> <span class='ocrx_word' id='word_1_22' title='bbox 959 542 1146 627; x_wconf 80' lang='lat' dir='ltr'><strong>percipien·</strong></span> 
     </span>
     <span class='ocr_line' id='line_1_5' title="bbox 212 650 1143 741; baseline 0.003 -15"><span class='ocrx_word' id='word_1_23' title='bbox 212 663 286 733; x_wconf 80' lang='lat' dir='ltr'><strong>dum</strong></span> <span class='ocrx_word' id='word_1_24' title='bbox 315 656 510 726; x_wconf 71' lang='lat' dir='ltr'><strong>commodere</strong></span> <span class='ocrx_word' id='word_1_25' title='bbox 543 655 676 722; x_wconf 86' lang='lat' dir='ltr'><strong>vellent.</strong></span> <span class='ocrx_word' id='word_1_26' title='bbox 730 650 927 738; x_wconf 75' lang='lat' dir='ltr'><strong>Huiusmodi</strong></span> <span class='ocrx_word' id='word_1_27' title='bbox 956 657 1143 741; x_wconf 76' lang='lat' dir='ltr'><strong>discipulos</strong></span> 
     </span>
     <span class='ocr_line' id='line_1_6' title="bbox 214 769 1146 860; baseline -0.006 -19"><span class='ocrx_word' id='word_1_28' title='bbox 214 794 316 860; x_wconf 88' lang='lat' dir='ltr'><strong>quum</strong></span> <span class='ocrx_word' id='word_1_29' title='bbox 333 773 411 839; x_wconf 90' lang='lat' dir='ltr'><strong>mihi</strong></span> <span class='ocrx_word' id='word_1_30' title='bbox 427 789 530 854; x_wconf 86' lang='lat' dir='ltr'>nuper</span> <span class='ocrx_word' id='word_1_31' title='bbox 546 785 660 838; x_wconf 89' lang='lat' dir='ltr'><strong>nactus</strong></span> <span class='ocrx_word' id='word_1_32' title='bbox 683 769 826 850; x_wconf 87' lang='lat' dir='ltr'><strong>viderer,</strong></span> <span class='ocrx_word' id='word_1_33' title='bbox 849 774 1009 854; x_wconf 88' lang='lat' dir='ltr'><strong>proposui</strong></span> <span class='ocrx_word' id='word_1_34' title='bbox 1024 774 1066 841; x_wconf 89' lang='lat' dir='ltr'><strong>iis</strong></span> <span class='ocrx_word' id='word_1_35' title='bbox 1087 777 1146 842; x_wconf 71' lang='lat' dir='ltr'><strong>in-</strong></span> 
     </span>
     <span class='ocr_line' id='line_1_7' title="bbox 213 884 1147 975; baseline -0.001 -16"><span class='ocrx_word' id='word_1_36' title='bbox 213 891 472 975; x_wconf 87' lang='lat' dir='ltr'><strong>terpretationem</strong></span> <span class='ocrx_word' id='word_1_37' title='bbox 492 886 650 954; x_wconf 85' lang='lat' dir='ltr'><strong>Platonici</strong></span> <span class='ocrx_word' id='word_1_38' title='bbox 666 884 752 950; x_wconf 87' lang='lat' dir='ltr'><strong>libri.</strong></span> <span class='ocrx_word' id='word_1_39' title='bbox 798 885 897 972; x_wconf 90' lang='lat' dir='ltr'><strong>Quod</strong></span> <span class='ocrx_word' id='word_1_40' title='bbox 917 887 966 955; x_wconf 89' lang='lat' dir='ltr'><strong>illi</strong></span> <span class='ocrx_word' id='word_1_41' title='bbox 987 886 1147 975; x_wconf 84' lang='lat' dir='ltr'><strong>proposi·</strong></span> 
     </span>
     <span class='ocr_line' id='line_1_8' title="bbox 213 1007 1149 1095; baseline -0.002 -16"><span class='ocrx_word' id='word_1_42' title='bbox 213 1025 285 1079; x_wconf 89' lang='lat' dir='ltr'><strong>tum</strong></span> <span class='ocrx_word' id='word_1_43' title='bbox 304 1029 403 1095; x_wconf 89' lang='lat' dir='ltr'><strong>quum</strong></span> <span class='ocrx_word' id='word_1_44' title='bbox 423 1007 504 1093; x_wconf 84' lang='lat' dir='ltr'><strong>grati</strong></span> <span class='ocrx_word' id='word_1_45' title='bbox 521 1007 730 1089; x_wconf 72' lang='lat' dir='ltr'><strong>lubntesque</strong></span> <span class='ocrx_word' id='word_1_46' title='bbox 748 1007 967 1091; x_wconf 81' lang='lat' dir='ltr'><strong>accepissent,</strong></span> <span class='ocrx_word' id='word_1_47' title='bbox 989 1028 1065 1077; x_wconf 88' lang='lat' dir='ltr'><strong>ecce</strong></span> <span class='ocrx_word' id='word_1_48' title='bbox 1081 1028 1149 1077; x_wconf 74' lang='lat' dir='ltr'><strong>co-</strong></span> 
     </span>
     <span class='ocr_line' id='line_1_9' title="bbox 210 1118 1151 1213; baseline -0.01 -19"><span class='ocrx_word' id='word_1_49' title='bbox 210 1130 266 1213; x_wconf 88' lang='lat' dir='ltr'><strong>pia</strong></span> <span class='ocrx_word' id='word_1_50' title='bbox 293 1125 509 1213; x_wconf 82' lang='lat' dir='ltr'><strong>exemplorum</strong></span> <span class='ocrx_word' id='word_1_51' title='bbox 542 1123 658 1194; x_wconf 85' lang='lat' dir='ltr'><strong>deerat.</strong></span> <span class='ocrx_word' id='word_1_52' title='bbox 710 1123 758 1187; x_wconf 92' lang='lat' dir='ltr'><strong>lbi</strong></span> <span class='ocrx_word' id='word_1_53' title='bbox 783 1137 853 1188; x_wconf 90' lang='lat' dir='ltr'><strong>tum</strong></span> <span class='ocrx_word' id='word_1_54' title='bbox 880 1124 987 1190; x_wconf 89' lang='lat' dir='ltr'><strong>statim</strong></span> <span class='ocrx_word' id='word_1_55' title='bbox 1014 1118 1151 1195; x_wconf 76' lang='lat' dir='ltr'><strong>decrevi</strong></span> 
     </span>
     <span class='ocr_line' id='line_1_10' title="bbox 213 1237 1151 1323; baseline -0.001 -15"><span class='ocrx_word' id='word_1_56' title='bbox 213 1257 316 1309; x_wconf 83' lang='lat' dir='ltr'><strong>unum</strong></span> <span class='ocrx_word' id='word_1_57' title='bbox 333 1243 471 1323; x_wconf 85' lang='lat' dir='ltr'><strong>aliquem</strong></span> <span class='ocrx_word' id='word_1_58' title='bbox 486 1237 646 1320; x_wconf 83' lang='lat' dir='ltr'><strong>dialogum</strong></span> <span class='ocrx_word' id='word_1_59' title='bbox 663 1239 772 1319; x_wconf 89' lang='lat' dir='ltr'><strong>edere,</strong></span> <span class='ocrx_word' id='word_1_60' title='bbox 795 1239 862 1304; x_wconf 85' lang='lat' dir='ltr'><strong>sive</strong></span> <span class='ocrx_word' id='word_1_61' title='bbox 879 1258 939 1323; x_wconf 85' lang='lat' dir='ltr'><strong>ego</strong></span> <span class='ocrx_word' id='word_1_62' title='bbox 954 1240 1062 1322; x_wconf 90' lang='lat' dir='ltr'><strong>ipsius</strong></span> <span class='ocrx_word' id='word_1_63' title='bbox 1074 1258 1151 1309; x_wconf 73' lang='lat' dir='ltr'><strong>nu-</strong></span> 
     </span>
     <span class='ocr_line' id='line_1_11' title="bbox 211 1352 1149 1436; baseline 0.002 -13"><span class='ocrx_word' id='word_1_64' title='bbox 211 1355 298 1423; x_wconf 86' lang='lat' dir='ltr'><strong>mine</strong></span> <span class='ocrx_word' id='word_1_65' title='bbox 319 1352 472 1420; x_wconf 91' lang='lat' dir='ltr'><strong>Platonis·</strong></span> <span class='ocrx_word' id='word_1_66' title='bbox 487 1353 682 1434; x_wconf 81' lang='lat' dir='ltr'><strong>instinctus,</strong></span> <span class='ocrx_word' id='word_1_67' title='bbox 705 1352 775 1421; x_wconf 84' lang='lat' dir='ltr'><strong>sive</strong></span> <span class='ocrx_word' id='word_1_68' title='bbox 796 1353 917 1419; x_wconf 82' lang='lat' dir='ltr'><strong>studiis</strong></span> <span class='ocrx_word' id='word_1_69' title='bbox 934 1355 1149 1436; x_wconf 85' lang='lat' dir='ltr'><strong>optimorum</strong></span> 
     </span>
     <span class='ocr_line' id='line_1_12' title="bbox 209 1466 1150 1550; baseline -0.007 -15"><span class='ocrx_word' id='word_1_70' title='bbox 209 1468 444 1545; x_wconf 75' lang='lat' dir='ltr'><strong>adolescentum</strong></span> <span class='ocrx_word' id='word_1_71' title='bbox 464 1466 636 1549; x_wconf 86' lang='lat' dir='ltr'><strong>abreptus;</strong></span> <span class='ocrx_word' id='word_1_72' title='bbox 655 1467 711 1548; x_wconf 90' lang='lat' dir='ltr'><strong>qui</strong></span> <span class='ocrx_word' id='word_1_73' title='bbox 721 1486 857 1532; x_wconf 90' lang='lat' dir='ltr'><strong>mearum</strong></span> <span class='ocrx_word' id='word_1_74' title='bbox 874 1468 1055 1550; x_wconf 75' lang='lat' dir='ltr'><strong>ipsererum</strong></span> <span class='ocrx_word' id='word_1_75' title='bbox 1066 1473 1150 1541; x_wconf 77' lang='lat' dir='ltr'><strong>vel.</strong></span> 
     </span>
     <span class='ocr_line' id='line_1_13' title="bbox 199 1581 1152 1669; baseline 0.005 -22"><span class='ocrx_word' id='word_1_76' title='bbox 199 1582 426 1669; x_wconf 67' lang='lat' dir='ltr'><strong>¹malignatus,</strong></span> <span class='ocrx_word' id='word_1_77' title='bbox 444 1595 476 1646; x_wconf 91' lang='lat' dir='ltr'><strong>et</strong></span> <span class='ocrx_word' id='word_1_78' title='bbox 492 1581 782 1656; x_wconf 82' lang='lat' dir='ltr'><strong>immemorveteris</strong></span> <span class='ocrx_word' id='word_1_79' title='bbox 794 1602 831 1649; x_wconf 91' lang='lat' dir='ltr'><strong>ac</strong></span> <span class='ocrx_word' id='word_1_80' title='bbox 849 1585 998 1667; x_wconf 90' lang='lat' dir='ltr'><strong>perpetui</strong></span> <span class='ocrx_word' id='word_1_81' title='bbox 1006 1582 1152 1652; x_wconf 73' lang='lat' dir='ltr'><strong>Plutar-</strong></span> 
     </span>
     <span class='ocr_line' id='line_1_14' title="bbox 196 1698 1145 1780; baseline 0.005 -17"><span class='ocrx_word' id='word_1_82' title='bbox 196 1699 283 1766; x_wconf 77' lang='lat' dir='ltr'><strong>:thei</strong></span> <span class='ocrx_word' id='word_1_83' title='bbox 300 1702 428 1780; x_wconf 85' lang='lat' dir='ltr'><strong>oneris,</strong></span> <span class='ocrx_word' id='word_1_84' title='bbox 451 1701 572 1765; x_wconf 84' lang='lat' dir='ltr'><strong>novom</strong></span> <span class='ocrx_word' id='word_1_85' title='bbox 589 1698 681 1765; x_wconf 90' lang='lat' dir='ltr'><strong>etiam</strong></span> <span class='ocrx_word' id='word_1_86' title='bbox 699 1715 730 1765; x_wconf 91' lang='lat' dir='ltr'><strong>et</strong></span> <span class='ocrx_word' id='word_1_87' title='bbox 747 1700 1029 1771; x_wconf 83' lang='lat' dir='ltr'><strong>extraordinarium</strong></span> <span class='ocrx_word' id='word_1_88' title='bbox 1048 1716 1145 1771; x_wconf 71' lang='lat' dir='ltr'><strong>ortua</strong></span> 
     </span>
     <span class='ocr_line' id='line_1_15' title="bbox 196 1813 1142 1901; baseline 0.007 -20"><span class='ocrx_word' id='word_1_89' title='bbox 196 1813 319 1881; x_wconf 56' lang='lat' dir='ltr'><strong>&amp;endi</strong></span> <span class='ocrx_word' id='word_1_90' title='bbox 336 1813 492 1881; x_wconf 88' lang='lat' dir='ltr'><strong>Platonici</strong></span> <span class='ocrx_word' id='word_1_91' title='bbox 510 1814 628 1900; x_wconf 77' lang='lat' dir='ltr'><strong>dialogi</strong></span> <span class='ocrx_word' id='word_1_92' title='bbox 646 1816 862 1899; x_wconf 81' lang='lat' dir='ltr'><strong>susciperem:</strong></span> <span class='ocrx_word' id='word_1_93' title='bbox 882 1819 1067 1901; x_wconf 84' lang='lat' dir='ltr'><strong>praesertim</strong></span> <span class='ocrx_word' id='word_1_94' title='bbox 1085 1820 1142 1889; x_wconf 81' lang='lat' dir='ltr'><strong>in-</strong></span> 
     </span>
     <span class='ocr_line' id='line_1_16' title="bbox 192 1932 1142 2031; baseline 0.008 -30"><span class='ocrx_word' id='word_1_95' title='bbox 192 1935 355 2020; x_wconf 62' lang='lat' dir='ltr'><strong>telligms</strong></span> <span class='ocrx_word' id='word_1_96' title='bbox 364 1934 446 2001; x_wconf 91' lang='lat' dir='ltr'><strong>idem</strong></span> <span class='ocrx_word' id='word_1_97' title='bbox 458 1935 538 2002; x_wconf 88' lang='lat' dir='ltr'><strong>milti</strong></span> <span class='ocrx_word' id='word_1_98' title='bbox 553 1951 742 2003; x_wconf 78' lang='lat' dir='ltr'><strong>eventurum</strong></span> <span class='ocrx_word' id='word_1_99' title='bbox 756 1938 871 2018; x_wconf 89' lang='lat' dir='ltr'><strong>,quod</strong></span> <span class='ocrx_word' id='word_1_100' title='bbox 887 1936 1067 2031; x_wconf 82' lang='lat' dir='ltr'><strong>inSclectis</strong></span> <span class='ocrx_word' id='word_1_101' title='bbox 1076 1932 1142 2009; x_wconf 77' lang='lat' dir='ltr'><strong>Hi·</strong></span> 
     </span>
     <span class='ocr_line' id='line_1_17' title="bbox 207 2053 1138 2137; baseline 0.005 -18"><span class='ocrx_word' id='word_1_102' title='bbox 207 2054 404 2119; x_wconf 79' lang='lat' dir='ltr'><strong>storicorum</strong></span> <span class='ocrx_word' id='word_1_103' title='bbox 423 2053 605 2133; x_wconf 81' lang='lat' dir='ltr'><strong>evenisset,</strong></span> <span class='ocrx_word' id='word_1_104' title='bbox 618 2068 655 2118; x_wconf 93' lang='lat' dir='ltr'><strong>ut</strong></span> <span class='ocrx_word' id='word_1_105' title='bbox 674 2055 920 2137; x_wconf 85' lang='lat' dir='ltr'><strong>gratificandum</strong></span> <span class='ocrx_word' id='word_1_106' title='bbox 936 2068 1019 2121; x_wconf 85' lang='lat' dir='ltr'><strong>esset</strong></span> <span class='ocrx_word' id='word_1_107' title='bbox 1034 2055 1138 2124; x_wconf 78' lang='lat' dir='ltr'><strong>libra-</strong></span> 
     </span>
     <span class='ocr_line' id='line_1_18' title="bbox 205 2166 1134 2253; baseline 0.008 -22"><span class='ocrx_word' id='word_1_108' title='bbox 205 2166 257 2233; x_wconf 89' lang='lat' dir='ltr'><strong>rio</strong></span> <span class='ocrx_word' id='word_1_109' title='bbox 274 2167 396 2246; x_wconf 84' lang='lat' dir='ltr'><strong>aliquid</strong></span> <span class='ocrx_word' id='word_1_110' title='bbox 415 2166 619 2233; x_wconf 84' lang='lat' dir='ltr'><strong>additamenti</strong></span> <span class='ocrx_word' id='word_1_111' title='bbox 637 2180 669 2230; x_wconf 94' lang='lat' dir='ltr'><strong>et</strong></span> <span class='ocrx_word' id='word_1_112' title='bbox 691 2168 911 2235; x_wconf 85' lang='lat' dir='ltr'><strong>annotationis</strong></span> <span class='ocrx_word' id='word_1_113' title='bbox 927 2169 1134 2253; x_wconf 81' lang='lat' dir='ltr'><strong>postulanti,</strong></span> 
     </span>
     <span class='ocr_line' id='line_1_19' title="bbox 208 2288 1132 2379; baseline 0.012 -27"><span class='ocrx_word' id='word_1_114' title='bbox 208 2306 280 2370; x_wconf 87' lang='lat' dir='ltr'><strong>quo</strong></span> <span class='ocrx_word' id='word_1_115' title='bbox 301 2288 431 2353; x_wconf 88' lang='lat' dir='ltr'><strong>libellus</strong></span> <span class='ocrx_word' id='word_1_116' title='bbox 453 2291 491 2354; x_wconf 91' lang='lat' dir='ltr'><strong>ad</strong></span> <span class='ocrx_word' id='word_1_117' title='bbox 508 2289 589 2355; x_wconf 90' lang='lat' dir='ltr'><strong>alios</strong></span> <span class='ocrx_word' id='word_1_118' title='bbox 606 2293 724 2372; x_wconf 87' lang='lat' dir='ltr'><strong>etlam,</strong></span> <span class='ocrx_word' id='word_1_119' title='bbox 743 2306 830 2358; x_wconf 83' lang='lat' dir='ltr'><strong>extra</strong></span> <span class='ocrx_word' id='word_1_120' title='bbox 850 2313 947 2361; x_wconf 89' lang='lat' dir='ltr'><strong>meam</strong></span> <span class='ocrx_word' id='word_1_121' title='bbox 966 2296 1132 2379; x_wconf 85' lang='lat' dir='ltr'><strong>scholam,</strong></span> 
     </span>
     <span class='ocr_line' id='line_1_20' title="bbox 195 2407 1126 2496; baseline 0.011 -23"><span class='ocrx_word' id='word_1_122' title='bbox 195 2408 340 2473; x_wconf 82' lang='lat' dir='ltr'><strong>lectores</strong></span> <span class='ocrx_word' id='word_1_123' title='bbox 356 2407 640 2473; x_wconf 83' lang='lat' dir='ltr'><strong>commendabilior</strong></span> <span class='ocrx_word' id='word_1_124' title='bbox 657 2410 849 2478; x_wconf 87' lang='lat' dir='ltr'><strong>redderetur.</strong></span> <span class='ocrx_word' id='word_1_125' title='bbox 887 2417 1001 2496; x_wconf 90' lang='lat' dir='ltr'><strong>ltaque</strong></span> <span class='ocrx_word' id='word_1_126' title='bbox 1019 2413 1077 2479; x_wconf 83' lang='lat' dir='ltr'><strong>las</strong></span> <span class='ocrx_word' id='word_1_127' title='bbox 1094 2416 1126 2483; x_wconf 81' lang='lat' dir='ltr'><strong>ill</strong></span> 
     </span>
     <span class='ocr_line' id='line_1_21' title="bbox 195 2514 1129 2607; baseline 0.003 -15"><span class='ocrx_word' id='word_1_128' title='bbox 195 2514 424 2604; x_wconf 75' lang='lat' dir='ltr'><strong>Phaedonem,</strong></span> <span class='ocrx_word' id='word_1_129' title='bbox 441 2539 478 2589; x_wconf 91' lang='lat' dir='ltr'><strong>ut</strong></span> <span class='ocrx_word' id='word_1_130' title='bbox 489 2524 559 2590; x_wconf 85' lang='lat' dir='ltr'><strong>illas</strong></span> <span class='ocrx_word' id='word_1_131' title='bbox 571 2523 604 2590; x_wconf 92' lang='lat' dir='ltr'><strong>in</strong></span> <span class='ocrx_word' id='word_1_132' title='bbox 622 2524 767 2607; x_wconf 85' lang='lat' dir='ltr'><strong>Selecta,</strong></span> <span class='ocrx_word' id='word_1_133' title='bbox 783 2528 1012 2594; x_wconf 87' lang='lat' dir='ltr'><strong>annotationes</strong></span> <span class='ocrx_word' id='word_1_134' title='bbox 1026 2527 1068 2594; x_wconf 85' lang='lat' dir='ltr'><strong>ab</strong></span> <span class='ocrx_word' id='word_1_135' title='bbox 1082 2546 1129 2595; x_wconf 80' lang='lat' dir='ltr'><strong>te-</strong></span> 
     </span>
     <span class='ocr_line' id='line_1_22' title="bbox 190 2637 1128 2722; baseline 0.012 -18"><span class='ocrx_word' id='word_1_136' title='bbox 190 2638 278 2719; x_wconf 81' lang='lat' dir='ltr'><strong>-quis</strong></span> <span class='ocrx_word' id='word_1_137' title='bbox 290 2637 454 2721; x_wconf 86' lang='lat' dir='ltr'><strong>judicibus</strong></span> <span class='ocrx_word' id='word_1_138' title='bbox 467 2638 510 2703; x_wconf 90' lang='lat' dir='ltr'><strong>ita</strong></span> <span class='ocrx_word' id='word_1_139' title='bbox 526 2638 619 2704; x_wconf 83' lang='lat' dir='ltr'><strong>velim</strong></span> <span class='ocrx_word' id='word_1_140' title='bbox 636 2639 763 2722; x_wconf 89' lang='lat' dir='ltr'><strong>accipi,</strong></span> <span class='ocrx_word' id='word_1_141' title='bbox 779 2658 845 2707; x_wconf 91' lang='lat' dir='ltr'><strong>non</strong></span> <span class='ocrx_word' id='word_1_142' title='bbox 857 2657 892 2709; x_wconf 93' lang='lat' dir='ltr'><strong>ut</strong></span> <span class='ocrx_word' id='word_1_143' title='bbox 910 2642 1128 2715; x_wconf 68' lang='lat' dir='ltr'><strong>elaboratam</strong></span> 
     </span>
     <span class='ocr_line' id='line_1_23' title="bbox 193 2753 1128 2841; baseline 0.015 -20"><span class='ocrx_word' id='word_1_144' title='bbox 193 2753 400 2835; x_wconf 86' lang='lat' dir='ltr'><strong>locupletes,</strong></span> <span class='ocrx_word' id='word_1_145' title='bbox 420 2756 477 2822; x_wconf 86' lang='lat' dir='ltr'><strong>sed</strong></span> <span class='ocrx_word' id='word_1_146' title='bbox 495 2769 531 2820; x_wconf 93' lang='lat' dir='ltr'><strong>ut</strong></span> <span class='ocrx_word' id='word_1_147' title='bbox 551 2754 881 2841; x_wconf 67' lang='lat' dir='ltr'><strong>subiacendum,</strong></span> <span class='ocrx_word' id='word_1_148' title='bbox 906 2766 1128 2836; x_wconf 88' lang='lat' dir='ltr'><strong>accommoda·</strong></span> 
     </span>
     <span class='ocr_line' id='line_1_24' title="bbox 190 2872 1128 2958; baseline 0.012 -22"><span class='ocrx_word' id='word_1_149' title='bbox 190 2882 248 2938; x_wconf 78' lang='lat' dir='ltr'><strong>tas</strong></span> <span class='ocrx_word' id='word_1_150' title='bbox 270 2887 377 2938; x_wconf 89' lang='lat' dir='ltr'><strong>tamen</strong></span> <span class='ocrx_word' id='word_1_151' title='bbox 392 2872 603 2957; x_wconf 35' lang='lat' dir='ltr'><strong>,explicandis</strong></span> <span class='ocrx_word' id='word_1_152' title='bbox 623 2872 805 2941; x_wconf 80' lang='lat' dir='ltr'><strong>Platonicae</strong></span> <span class='ocrx_word' id='word_1_153' title='bbox 822 2876 1053 2958; x_wconf 84' lang='lat' dir='ltr'><strong>disputationis</strong></span> <span class='ocrx_word' id='word_1_154' title='bbox 1079 2877 1128 2947; x_wconf 83' lang='lat' dir='ltr'><strong>dl-</strong></span> 
     </span>
     <span class='ocr_line' id='line_1_25' title="bbox 190 2984 1128 3071; baseline 0.012 -22"><span class='ocrx_word' id='word_1_155' title='bbox 190 2984 385 3069; x_wconf 79' lang='lat' dir='ltr'><strong>ctiooisque</strong></span> <span class='ocrx_word' id='word_1_156' title='bbox 403 2985 487 3051; x_wconf 93' lang='lat' dir='ltr'><strong>locis</strong></span> <span class='ocrx_word' id='word_1_157' title='bbox 506 2985 760 3071; x_wconf 86' lang='lat' dir='ltr'><strong>difficilioribus,</strong></span> <span class='ocrx_word' id='word_1_158' title='bbox 777 3007 879 3071; x_wconf 89' lang='lat' dir='ltr'><strong>eoque</strong></span> <span class='ocrx_word' id='word_1_159' title='bbox 900 2993 1032 3058; x_wconf 88' lang='lat' dir='ltr'><strong>nomine</strong></span> <span class='ocrx_word' id='word_1_160' title='bbox 1046 2993 1128 3061; x_wconf 83' lang='lat' dir='ltr'><strong>tito·</strong></span> 
     </span>
     <span class='ocr_line' id='line_1_26' title="bbox 191 3099 1123 3181; baseline 0.009 -14"><span class='ocrx_word' id='word_1_161' title='bbox 191 3099 294 3167; x_wconf 84' lang='lat' dir='ltr'><strong>nibus</strong></span> <span class='ocrx_word' id='word_1_162' title='bbox 318 3115 403 3166; x_wconf 88' lang='lat' dir='ltr'><strong>certe</strong></span> <span class='ocrx_word' id='word_1_163' title='bbox 424 3101 544 3181; x_wconf 84' lang='lat' dir='ltr'><strong>utiles,</strong></span> <span class='ocrx_word' id='word_1_164' title='bbox 566 3118 623 3167; x_wconf 87' lang='lat' dir='ltr'><strong>nec</strong></span> <span class='ocrx_word' id='word_1_165' title='bbox 646 3100 802 3169; x_wconf 81' lang='lat' dir='ltr'><strong>veteranis</strong></span> <span class='ocrx_word' id='word_1_166' title='bbox 821 3102 960 3170; x_wconf 85' lang='lat' dir='ltr'><strong>fortasse</strong></span> <span class='ocrx_word' id='word_1_167' title='bbox 976 3104 1123 3176; x_wconf 86' lang='lat' dir='ltr'><strong>inutiles.</strong></span> 
     </span>
     <span class='ocr_line' id='line_1_27' title="bbox 190 3213 1130 3300; baseline 0.005 -21"><span class='ocrx_word' id='word_1_168' title='bbox 190 3238 194 3247; x_wconf 94' lang='lat'>·</span> <span class='ocrx_word' id='word_1_169' title='bbox 237 3213 284 3279; x_wconf 89' lang='lat' dir='ltr'><strong>Et</strong></span> <span class='ocrx_word' id='word_1_170' title='bbox 295 3230 373 3281; x_wconf 89' lang='lat' dir='ltr'><strong>tuuc</strong></span> <span class='ocrx_word' id='word_1_171' title='bbox 388 3215 514 3294; x_wconf 89' lang='lat' dir='ltr'><strong>quidem</strong></span> <span class='ocrx_word' id='word_1_172' title='bbox 533 3216 690 3283; x_wconf 86' lang='lat' dir='ltr'><strong>continuo</strong></span> <span class='ocrx_word' id='word_1_173' title='bbox 706 3213 866 3283; x_wconf 84' lang='lat' dir='ltr'><strong>Graecum</strong></span> <span class='ocrx_word' id='word_1_174' title='bbox 883 3235 967 3299; x_wconf 83' lang='lat' dir='ltr'><strong>opus</strong></span> <span class='ocrx_word' id='word_1_175' title='bbox 981 3220 1130 3300; x_wconf 73' lang='lat' dir='ltr'><strong>nudum,</strong></span> 
     </span>
     <span class='ocr_line' id='line_1_28' title="bbox 190 3328 1129 3415; baseline 0.003 -23"><span class='ocrx_word' id='word_1_176' title='bbox 190 3342 291 3409; x_wconf 76' lang='lat' dir='ltr'><strong>quem</strong></span> <span class='ocrx_word' id='word_1_177' title='bbox 310 3341 498 3395; x_wconf 88' lang='lat' dir='ltr'><strong>contextum</strong></span> <span class='ocrx_word' id='word_1_178' title='bbox 518 3345 659 3413; x_wconf 87' lang='lat' dir='ltr'><strong>vocant,</strong></span> <span class='ocrx_word' id='word_1_179' title='bbox 675 3328 764 3415; x_wconf 86' lang='lat' dir='ltr'><strong>typis</strong></span> <span class='ocrx_word' id='word_1_180' title='bbox 784 3331 1026 3414; x_wconf 85' lang='lat' dir='ltr'><strong>exprimendum</strong></span> <span class='ocrx_word' id='word_1_181' title='bbox 1037 3348 1129 3397; x_wconf 79' lang='lat' dir='ltr'><strong>cota-</strong></span> 
     </span>
     <span class='ocr_line' id='line_1_29' title="bbox 188 3444 1129 3531; baseline -0.003 -16"><span class='ocrx_word' id='word_1_182' title='bbox 188 3448 251 3531; x_wconf 70' lang='lat' dir='ltr'><strong>si,</strong></span> <span class='ocrx_word' id='word_1_183' title='bbox 272 3458 311 3510; x_wconf 90' lang='lat' dir='ltr'><strong>ut</strong></span> <span class='ocrx_word' id='word_1_184' title='bbox 327 3444 449 3511; x_wconf 86' lang='lat' dir='ltr'><strong>scholis</strong></span> <span class='ocrx_word' id='word_1_185' title='bbox 472 3446 594 3513; x_wconf 88' lang='lat' dir='ltr'><strong>nostris</strong></span> <span class='ocrx_word' id='word_1_186' title='bbox 614 3449 757 3531; x_wconf 86' lang='lat' dir='ltr'><strong>exempla</strong></span> <span class='ocrx_word' id='word_1_187' title='bbox 776 3460 1003 3530; x_wconf 85' lang='lat' dir='ltr'><strong>suppeterenta</strong></span> <span class='ocrx_word' id='word_1_188' title='bbox 1026 3462 1129 3513; x_wconf 88' lang='lat' dir='ltr'><strong>anno·</strong></span> 
     </span>
     <span class='ocr_line' id='line_1_30' title="bbox 186 3559 1126 3647; baseline -0.004 -17"><span class='ocrx_word' id='word_1_189' title='bbox 186 3561 354 3644; x_wconf 79' lang='lat' dir='ltr'><strong>tationes,</strong></span> <span class='ocrx_word' id='word_1_190' title='bbox 363 3559 594 3645; x_wconf 84' lang='lat' dir='ltr'><strong>praelationem</strong></span> <span class='ocrx_word' id='word_1_191' title='bbox 608 3563 773 3647; x_wconf 86' lang='lat' dir='ltr'><strong>,aliasque</strong></span> <span class='ocrx_word' id='word_1_192' title='bbox 787 3576 893 3645; x_wconf 80' lang='lat' dir='ltr'><strong>partes</strong></span> <span class='ocrx_word' id='word_1_193' title='bbox 910 3579 969 3646; x_wconf 84' lang='lat' dir='ltr'><strong>per</strong></span> <span class='ocrx_word' id='word_1_194' title='bbox 986 3561 1126 3630; x_wconf 73' lang='lat' dir='ltr'><strong>cosdras</strong></span> 
     </span>
     <span class='ocr_line' id='line_1_31' title="bbox 182 3678 1125 3771; baseline 0.002 -20"><span class='ocrx_word' id='word_1_195' title='bbox 182 3678 289 3771; x_wconf 68' lang='lat' dir='ltr'><strong>fetus</strong></span> <span class='ocrx_word' id='word_1_196' title='bbox 308 3678 446 3749; x_wconf 72' lang='lat' dir='ltr'><strong>scribam</strong></span> <span class='ocrx_word' id='word_1_197' title='bbox 462 3680 673 3752; x_wconf 78' lang='lat' dir='ltr'><strong>destinabam.</strong></span> <span class='ocrx_word' id='word_1_198' title='bbox 716 3680 781 3750; x_wconf 83' lang='lat' dir='ltr'><strong>Sed</strong></span> <span class='ocrx_word' id='word_1_199' title='bbox 789 3679 998 3771; x_wconf 79' lang='lat' dir='ltr'><strong>propositum</strong></span> <span class='ocrx_word' id='word_1_200' title='bbox 1017 3678 1125 3765; x_wconf 83' lang='lat' dir='ltr'><strong>primo</strong></span> 
     </span>
     <span class='ocr_line' id='line_1_32' title="bbox 182 3791 1124 3864; baseline 0.011 -31"><span class='ocrx_word' id='word_1_201' title='bbox 182 3806 187 3833; x_wconf 71' lang='grc'>;</span> <span class='ocrx_word' id='word_1_202' title='bbox 603 3830 608 3837; x_wconf 95' lang='grc'>.</span> <span class='ocrx_word' id='word_1_203' title='bbox 1069 3791 1124 3864; x_wconf 72' lang='lat'><strong>131·</strong></span> 
     </span>
    </p>
   </div>
   <div class='ocr_carea' id='block_1_3' title="bbox 0 0 1186 4936">
    <p class='ocr_par' dir='ltr' id='par_1_3' title="bbox 0 0 1186 4936">
     <span class='ocr_line' id='line_1_33' title="bbox 0 0 1186 4936; baseline 0 0"><span class='ocrx_word' id='word_1_204' title='bbox 0 0 1186 4936; x_wconf 95' lang='lat' dir='ltr'><strong> </strong></span> 
     </span>
    </p>
   </div>
  </div>
 </body>
</html>
