2362 4936
64 656 67 663 ,
157 622 200 695 34
361 555 807 671 ¹ttrtsrontt
898 608 908 665 ·,

160 789 207 860 Et
231 786 421 875 hujusmodi
445 785 634 871 cognitione
658 787 740 855 satis
766 784 935 870 munitus,
966 801 1037 858 tlon
1055 789 1099 860 si

163 905 308 986 moveri,
322 918 380 972 aut
395 921 415 969 a
431 903 603 987 proposita
617 899 668 968 vla
681 901 796 967 deduci
813 901 954 984 patietur
970 906 1096 974 clamo·

146 1021 253 1089 ribus
279 1018 533 1104 magistellorum
557 1015 753 1085 novissimae
776 1017 939 1103 cujusque
963 1036 1095 1105 sectae,

160 1135 431 1216 vaticinantium,
454 1152 546 1203 suam
561 1134 691 1201 demum
709 1146 829 1197 sectam
845 1135 948 1199 solam
971 1150 1003 1202 et
1020 1139 1097 1203 uni.

160 1268 434 1330 cenetensem,
456 1250 539 1317 hanc
560 1248 749 1327 tenendam,
769 1245 799 1316 ai
825 1246 901 1329 quis
923 1248 1096 1321 Platonem

162 1364 368 1452 interpretari
383 1362 475 1433 velit.
522 1362 604 1432 Tale
624 1361 753 1428 memini
771 1380 842 1428 ease
859 1365 1024 1432 sacculum
1042 1366 1097 1434 in·

162 1482 271 1551 cuntis
288 1499 374 1548 moe
394 1477 637 1547 adolescentiae.
677 1475 849 1544 intereram
875 1481 1018 1549 sermoni
1034 1484 1096 1550 do·

154 1583 288 1664 ⁴ctorum
313 1596 505 1664 hominumc
536 1592 698 1661 incidebat
726 1593 849 1659 mentio
870 1593 1093 1664 Aristotelis:

158 1725 249 1778 crant
274 1710 332 1794 qui
362 1711 529 1790 dolerent,
551 1726 625 1775 eum
650 1720 850 1775 contemtum
872 1710 1003 1795 jacere,
1033 1731 1096 1780 nce

157 1845 245 1894 nova
260 1826 404 1893 editione
419 1823 547 1892 ornari:
567 1824 682 1891 horum
700 1821 840 1908 aliquis,
859 1822 1096 1913 Arquitenens,

157 1939 289 2023 inquit,
302 1940 492 2006 Aristotelis
504 1936 611 2005 editor
618 1935 710 2004 debet
719 1938 821 2006 sirnol
826 1951 858 2004 et
868 1938 1020 2008 Graecae
1028 1942 1097 2010 lin·

154 2074 243 2142 gnae
260 2067 292 2121 et
305 2055 526 2143 philosophiae
534 2051 611 2118 bene
621 2056 749 2139 peritos
769 2072 853 2119 esse:
870 2059 899 2121 is
914 2076 999 2121 nanc
1010 2077 1097 2125 ornas

154 2184 204 2238 ast
234 2169 277 2254 J.
301 2172 348 2238 A.
372 2169 546 2235 Ernestos.
595 2165 680 2234 Tum
708 2168 816 2251 alius,
847 2170 941 2254 isque
962 2174 1095 2260 juratus

89 2308 95 2317 ·
155 2282 368 2366 wolstanus,
390 2281 515 2359 Immo,
530 2283 598 2364 ait,
612 2282 775 2350 Ernestus
794 2285 945 2351 Graecae
960 2288 1094 2376 quidem

153 2396 290 2485 linguae
307 2399 524 2486 peritissimos
540 2411 610 2479 est,
631 2396 690 2464 sed
697 2399 916 2487 philosophiae
937 2405 1094 2488 ignaros.

155 2512 358 2583 Mirantibus
375 2514 509 2596 reliquis
528 2514 739 2580 temeritatem
759 2516 925 2601 hominis,
947 2533 979 2585 et
998 2540 1096 2590 cotn-

84 2634 89 2644 '
156 2633 432 2707 memorantibus,
466 2651 551 2714 quos
576 2633 615 2698 de
640 2634 853 2719 philosophia
878 2639 978 2707 libros
1006 2644 1092 2710 scri·

156 2754 279 2838 psisset
301 2754 482 2835 Ernestus;
508 2755 707 2840 Enimvero,
729 2760 837 2844 inquit
851 2763 936 2843 iste,
964 2765 1094 2832 Ernes-

36 2940 39 2945 .
145 2880 212 2937 'tas
230 2870 361 2938 subinde
388 2870 538 2952 Wolfionr
568 2874 796 2961 reprehendit,
818 2899 910 2965 quern
932 2901 1004 2945 cans
1032 2902 1093 2948 ra·

158 2994 247 3055 tione
271 3008 360 3054 nerno
386 2987 619 3076 reprehendere
640 2979 749 3078 potest
756 3017 772 3074 ,·
794 2994 905 3077 igitar
920 2996 1038 3083 prodit
1057 3018 1094 3065 se

158 3106 232 3170 aot'
246 3125 310 3170 non
335 3103 447 3191 iegisse
478 3103 660 3190 Woisianr,
700 3123 761 3174 ant
787 3131 852 3176 non
872 3112 1096 3200 intellexisse‚·

157 3228 321 3292 nemoris
354 3226 428 3308 sit,
466 3230 595 3313 peritos
627 3226 846 3316 philosophiae
884 3230 1000 3296 haberi
1036 3253 1094 3296 ne·

59 3376 66 3388 ·
108 3400 111 3406 .
158 3335 244 3427 qais.
289 3338 354 3406 Hic
379 3339 434 3406 alii
460 3342 621 3410 acutiores
647 3341 811 3411 indoctam
839 3345 981 3412 hominis
1010 3349 1092 3414 sim·

157 3454 335 3538 plicitatcrn
368 3455 487 3524 rideret
519 3473 605 3523 unus
638 3476 711 3525 eum
745 3460 860 3527 leniter
893 3462 1087 3530 admoneret

157 3569 248 3638 Heus
266 3586 324 3653 ta,
340 3565 468 3656 iuquit,
486 3596 505 3640 o
520 3572 598 3639 bone
607 3601 622 3660 ,·
637 3576 857 3666 philosophiae
866 3579 1014 3665 peritam
1029 3594 1096 3644 nan

158 3708 230 3756 eona
263 3689 428 3773 dicimos,
465 3693 524 3782 qai
552 3695 651 3759 onius
674 3693 816 3771 aiicujus
852 3695 1010 3779 magistri
1046 3712 1096 3759 se·

158 3821 247 3874 etant
278 3812 456 3891 cognorit,
489 3811 526 3874 in
554 3831 686 3899 eantque
709 3811 848 3888 jurarit
863 3832 879 3877 .·
907 3808 967 3878 ted
996 3831 1097 3896 earn,

158 3924 217 4011 qai
236 3922 418 4009 plurimas,
447 3926 558 4014 quoad
577 3928 646 4009 eius
661 3925 741 4008 fieri
765 3942 887 4017 potest,
919 3935 1094 4022 cognonit,

158 4038 263 4126 iisque
288 4039 474 4107 tractandis
501 4042 720 4110 recensendis
744 4041 910 4129 judiciam
939 4067 980 4111 ac
1006 4043 1097 4111 delo·

155 4164 246 4221 uttan
260 4150 425 4225 adhibuit.
468 4152 518 4226 Et
529 4159 567 4225 in
585 4157 663 4226 aliis
680 4155 859 4247 disciplinis
874 4159 1015 4230 eandem
1034 4180 1097 4227 ra-

1031 4280 1099 4344 it‘te
