2362 4936
303 576 568 655 inanuorns
600 578 864 662 maronica
990 608 1058 685 aas

140 758 207 839 hoc
228 769 388 840 interuallo
414 774 550 839 redeunt.
566 769 703 842 iis-aiae.
748 773 816 841 Eae
839 776 950 862 solae,
974 799 1063 864 quan

126 901 209 956 vere
220 887 460 974 philosopham
477 885 623 968 fuerint,
644 887 748 954 tribus
762 889 912 974 deinceps
929 912 1061 977 genera·

117 1000 296 1087 tianius,
313 1002 413 1066 trium
437 1001 527 1066 miiie
548 1018 703 1066 annorum
725 1003 832 1084 spatio
851 1006 916 1071 aiae
937 1007 1060 1090 recipi.

110 1133 209 1198 rant,
227 1133 257 1183 et
273 1117 307 1183 in
324 1117 464 1198 priorum
481 1131 601 1181 statum
620 1117 753 1184 abeunt.
798 1117 954 1201 Reliquae
971 1123 1058 1189 Aoi·
1075 1110 1079 1135 ²
1156 1187 1160 1193 .

103 1250 212 1317 mac,
232 1233 323 1299 nnita
340 1233 446 1315 print
462 1232 551 1315 riti,
573 1233 777 1317 judicantur:
794 1248 827 1300 et
840 1237 956 1317 partim
975 1258 1054 1321 poe·

102 1367 186 1417 nas
205 1351 333 1418 daturae
352 1351 528 1416 mittuntur
542 1350 607 1416 sub
624 1363 760 1431 terram,
782 1351 896 1434 partim
913 1353 1053 1435 praemis

102 1480 308 1550 accepturae
319 1467 483 1532 tolluntur
498 1465 531 1531 in
546 1467 715 1532 coelestem
731 1454 867 1535 iocum'
883 1467 979 1535 Mille
994 1488 1051 1543 ane

105 1584 183 1650 nis
206 1581 452 1667 praeterlapsis,
474 1596 627 1664 utraeque
651 1585 784 1648 redeunt
800 1582 841 1648 ad
859 1584 1049 1653 electionem

102 1691 280 1764 secundae
302 1696 406 1763 ritae:
433 1712 527 1776 quam
552 1692 616 1759 sibi
634 1711 780 1776 quaeque
802 1693 904 1761 libero
922 1694 1048 1779 judicio

103 1809 225 1896 eligit.
250 1808 320 1877 Ubi
336 1808 398 1890 fit,
420 1824 459 1876 ut
477 1811 614 1876 humanu
630 1809 760 1893 saepius
774 1810 891 1877 Anima
908 1812 942 1876 in
959 1806 1048 1881 bruti

108 1926 256 2013 Corpus
271 1927 488 2012 ingrediatur,
509 1941 541 1993 ct
557 1945 596 1994 er
608 1926 704 1991 bruto
719 1926 754 1992 in
769 1926 944 1993 humanum
961 1925 1046 1994 Cor·

112 2065 188 2132 pus
202 2046 335 2127 Anima,
360 2062 446 2126 quae
463 2043 501 2109 ab
522 2043 616 2110 initio
633 2040 698 2108 suit
715 2040 889 2109 humana.”
1039 2118 1043 2127 Ι
1081 2136 1088 2149 ι

176 2158 250 2227 hirec
264 2157 331 2226 iere
345 2172 449 2240 sunt,
475 2176 557 2240 quae
573 2178 611 2224 ex
630 2159 681 2225 his
702 2158 823 2223 fabulis
840 2157 879 2222 ad
893 2156 1043 2240 philoro-

127 2268 412 2353 piaesententiann
429 2275 568 2338 reuocari
584 2274 713 2355 possint
724 2272 877 2354 ‚omissis
890 2272 1042 2356 pluribus
1056 2318 1058 2323 -

138 2383 280 2469 figmentis
305 2406 334 2455 et
368 2389 557 2457 nominibus
580 2387 740 2470 poeticis,
764 2387 864 2452 veluti
889 2387 1043 2470 Minois,
1098 2454 1103 2462 ,

139 2495 372 2582 Rhmnmthi,
394 2502 529 2585 Stygis,
551 2500 771 2580 Acherontis,
802 2515 832 2564 et
860 2501 1040 2587 similibun

140 2611 288 2700 Canum,
311 2618 436 2700 siquis
454 2637 514 2699 ea,
537 2636 618 2701 quae
643 2619 870 2698 exhibuimus,
894 2616 1041 2693 conferat
1088 2660 1094 2669 -

141 2734 269 2816 sonis,
292 2753 376 2817 quae
400 2733 494 2799 Plato
518 2733 662 2816 disputat
687 2734 720 2800 in
743 2734 877 2800 Timaeo
899 2754 931 2817 p.
949 2754 1038 2819 531,

145 2839 376 2917 hominihus
389 2850 471 2917 hanc
490 2852 678 2916 sententiam
694 2851 897 2937 Philosopho
917 2853 956 2916 de
971 2866 1038 2943 ata·

148 2968 353 3047 upahanc
375 2971 474 3034 vitam
496 2969 632 3034 tribuat:
668 3013 691 3051 „
714 2971 870 3049 Animas,
894 2986 1036 3035 utantea
1080 2979 1180 3030 ronne

87 3074 92 3111 ²
149 3072 266 3165 suunt,
281 3087 326 3156 ita
344 3097 460 3166 postca
477 3082 615 3152 suturas.
660 3085 740 3152 Post
757 3102 890 3153 mortem
908 3043 1174 3169 capo-iiiiii&

87 3190 96 3223 ‘
148 3191 196 3276 u'r,
208 3199 359 3282 judicium
378 3217 484 3266 earum
505 3199 571 3265 fieri
595 3202 681 3282 apud
706 3199 851 3282 inferos,
872 3219 991 3284 poenas
1004 3218 1037 3271 et

87 3295 99 3338 ³
149 3320 251 3394 inmun
266 3319 441 3391 constitui.
471 3316 592 3383 Poenas
607 3319 735 3401 proprie
753 3319 784 3384 in
800 3318 971 3385 medicinae
987 3320 1037 3386 lo·

88 3408 99 3448 ³
145 3442 196 3498 tim
207 3434 246 3503 iis
259 3434 423 3515 adhiberi,
433 3435 573 3517 exceptis
593 3426 846 3517 insana'biiibus3
859 3454 939 3518 quae
952 3455 1037 3505 sem·

87 3524 99 3565 ᾖ
147 3548 218 3625 itriu
233 3548 372 3618 Tartaro
389 3565 537 3617 maneant
560 3550 593 3616 in
611 3554 814 3636 exemplum,
837 3571 904 3635 quo
920 3553 997 3622 aliae
1015 3557 1036 3623 i

87 3640 99 3682 ’ἱ
147 3661 283 3734 senibus
299 3672 547 3734 absterreantur.
580 3666 825 3753 Quae-‚Animae
837 3669 871 3735 in
889 3670 947 3737 hac
965 3670 1036 3738 uiti

86 3752 98 3882 i
149 3767 353 3867 Philosophiam
380 3801 455 3852 vere
479 3798 675 3866 tractarunt,
707 3803 806 3866 seque
833 3787 867 3853 in
892 3786 1036 3854 veritatis

152 3902 387 3980 compatione
405 3916 637 3982 exercuerunt,
659 3916 690 3967 et
707 3905 962 3986 hcorporearum
974 3922 1037 3971 ‚uo-

150 3998 274 4086 luiiitum
292 4017 485 4101 contagione
504 4036 602 4101 puras
620 4035 789 4101 castasque
804 4035 1037 4099 servaverunt,

87 4128 98 4228 ᾗ
151 4110 288 4211 Mintur
303 4147 432 4200 nauem
449 4134 538 4221 apud
552 4133 734 4219 Deos‚nec
752 4136 786 4232 in
804 4137 952 4222 Corpora
971 4133 1041 4211 reti·
1105 4120 1109 4127 ’

93 4250 97 4263 “
947 4260 1040 4318 eunt
