2362 4936
194 517 221 585 ι
490 517 930 603 turstatt·
1034 620 1037 624 Α

104 694 129 774 f
205 704 250 774 lis
272 707 397 773 solutae
418 703 523 772 vitaer
546 718 664 789 atque,
686 720 725 773 ut
745 724 819 774 cum
838 708 914 793 ipso
928 709 1131 791 Platonelon·

201 840 304 907 quar,
327 819 498 901 (Phaedro
518 840 556 904 p.
579 824 653 908 34⁶·
674 823 751 909 D.)
772 832 877 897 caira
898 833 955 913 pla
976 831 1023 900 οὖν
1049 833 1134 912 μή..

196 966 245 1028 μη
266 942 435 1024 κεχαρίσθαι
449 937 490 1009 ar’
506 936 542 1018 iia
560 940 641 1028 πόθῳ
654 949 716 1012 τῶν
731 944 802 1014 adra
816 948 987 1033 μικρότερα
1002 949 1128 1032 tiparat.

194 1054 321 1123 interea
337 1054 413 1120 dunt
433 1054 467 1121 in
489 1055 547 1133 hac
566 1056 634 1124 vita
651 1075 787 1141 sumus,
810 1060 910 1146 hujus
929 1064 1011 1137 vitae
1025 1061 1130 1138 officia

193 1189 238 1241 ne
255 1169 466 1257 negligamus.
520 1170 632 1264 Quum
655 1174 789 1268 quisque
813 1181 905 1243 norit
926 1191 1059 1258 artem,
1089 1182 1130 1242 in

189 1285 256 1353 hac
272 1304 305 1350 se
320 1298 493 1366 exorceat,
516 1299 554 1349 ut
571 1300 624 1351 est
650 1287 685 1364 iu
706 1284 906 1355 Graecorum
929 1288 1125 1374 proverbioa

191 1418 253 1485 per
274 1417 408 1482 eamque
423 1399 496 1466 aliis
511 1401 665 1484 prodesse
684 1402 823 1479 studeat.
857 1401 926 1489 Qui
947 1402 980 1470 in
995 1401 1131 1480 Platone

192 1517 273 1600 plus
290 1516 364 1581 aliis
384 1517 495 1599 videt,
517 1518 558 1583 ad
575 1517 674 1602 hujus
702 1516 945 1602 intelligentiam
970 1519 1131 1585 studiosis

189 1629 320 1713 prosit:
344 1643 376 1696 et
391 1627 541 1712 profecto
557 1630 719 1715 egregium
738 1631 824 1698 vitae
840 1649 960 1710 munus
977 1651 1129 1718 suscepe-

188 1744 246 1823 rit,
291 1743 365 1823 Hoc
385 1759 478 1823 tuum
495 1759 569 1828 est,
591 1747 636 1812 mi
651 1745 793 1818 Heusde.

235 1862 399 1946 Equidem
416 1866 488 1947 ipse
514 1865 700 1931 adolescens
724 1869 869 1954 δαιμονίῳ
895 1867 954 1936 illo
979 1867 1128 1942 Platonis

193 2002 304 2051 amore
324 1984 503 2066 incensus,
532 2002 606 2051 eum
632 1985 807 2069 aliquando
835 1989 927 2064 edere
950 1990 1130 2059 constitue·

67 2138 71 2145 ·
193 2099 294 2167 bam:
318 2115 395 2165 mox
409 2096 601 2182 Julianum‚
624 2096 821 2182 synesium,
844 2099 983 2183 denique
1004 2098 1129 2165 Plorat·

195 2216 298 2282 chum
316 2215 425 2280 eodem
446 2231 553 2281 amore
569 2227 602 2279 et
617 2214 731 2291 edendi
746 2217 922 2299 proposito
935 2214 1130 2296 complecte-

188 2308 278 2397 'bara
302 2345 360 2395 nec
383 2326 570 2394 dubitabam
595 2331 677 2412 quin
702 2329 845 2395 studium
865 2349 969 2397 meum
984 2329 1136 2410 vitaeque

199 2442 343 2530 spatium
370 2442 421 2512 vel
440 2458 581 2538 quatuor
597 2442 727 2510 edendis
746 2443 798 2508 his
825 2441 1040 2529 scriptoribus
1061 2436 1135 2531 ¹suf·

200 2564 362 2634 facturum
378 2579 473 2631 esset.
520 2562 607 2628 Veni
619 2543 732 2627 deinde
747 2557 1051 2641 adRuhukenium,
1072 2560 1133 2643 qui

201 2702 254 2753 me
269 2702 287 2748 a
305 2677 437 2759 reliquis
453 2677 493 2741 ad
512 2692 612 2741 unum
629 2673 838 2742 Plutarchum
856 2676 1037 2741 convertit:
1057 2676 1130 2744 Pla·

180 2869 190 2889 ,
206 2796 296 2865 tonis
312 2793 485 2861 editionem
503 2790 575 2873 ipse
592 2789 774 2875 cogitabata
797 2790 977 2857 incaeteris
992 2792 1136 2878 scriptor

200 2910 294 2981 ribus
321 2927 406 2977 unus
428 2905 573 2973 omnium
601 2904 796 2973 Plutarchus
826 2904 962 2981 maxime
988 2909 1136 2982 emenda.

200 3033 315 3100 tricem
333 3029 635 3122 explicatricemque
653 3027 836 3112 interpretis
854 3047 982 3113 operam
1000 3044 1031 3095 et
1052 3033 1135 3101 desi·

200 3155 308 3229 derare
333 3166 365 3217 et
388 3149 500 3220 mereri
518 3148 706 3222 videbaturt
729 3162 761 3212 et
779 3145 869 3226 brevi
889 3147 1135 3216 animadvertere

197 3269 317 3352 coepi,
339 3267 426 3333 hunc
444 3280 564 3333 tantam
583 3265 700 3338 habere
723 3263 906 3346 materiam,
930 3282 1011 3346 quae
1031 3260 1133 3330 meam

198 3388 327 3470 quidem
347 3386 445 3455 vitam
473 3401 670 3468 operamque
695 3401 822 3455 omnem
842 3399 1031 3448 consumere
1050 3400 1132 3464 pos·

193 3517 267 3581 aet,
302 3504 374 3569 sive
399 3501 508 3585 operis
537 3499 784 3584 magnitudine,
817 3497 886 3565 sive
907 3498 1023 3564 vitium
1050 3517 1134 3578 mea·

199 3635 271 3683 rum
295 3602 473 3698 tenuitate,
501 3616 570 3684 sive
595 3633 776 3702 tempotum
801 3615 983 3700 iniquitate.
1028 3617 1135 3713 Quin·

196 3750 261 3814 que
289 3746 366 3798 sunt
398 3731 502 3813 anni,
542 3735 632 3816 quod
662 3732 878 3805 Ruhnkenius
905 3750 1018 3800 noster
1047 3734 1131 3800 diem

196 3846 301 3915 obiit:
325 3860 485 3977 quatuor,
504 3851 594 3947 quod
607 3834 809 3933 Lugdunum
825 3849 973 3934 migravi,
1004 3851 1134 3917 Horum

200 3961 346 4044 quinque
360 3980 518 4033 annorum
537 3981 669 4050 quotam
688 3981 810 4049 partem
830 3978 925 4048 putas
943 3984 993 4031 me
1010 3968 1135 4035 Plutar-

198 4075 263 4147 cho
282 4078 422 4149 tribuere
444 4082 623 4167 potuisse?
652 4082 716 4154 Sex
740 4100 895 4171 meuses,
918 4101 960 4152 ne
980 4082 1043 4153 hoa
1060 4083 1133 4165 qui·

947 4192 952 4201 ’
1062 4200 1135 4270 dem
