2362 4936
98 552 171 649 ,a
313 531 811 613 rnnnnnnnrn.

101 743 185 809 bant
200 746 278 802 ruta
292 722 597 815 pecunian,triente
609 678 910 809 circnmacnoitna.
939 730 1012 805 ii:

100 851 314 937 plurimorum
329 842 450 909 civium
463 838 612 907 fortunae
627 856 769 908 evasae.
814 842 953 913 Accedit
964 846 1014 915 ni·

100 967 205 1037 litatis
218 958 442 1042 cunactiptiot
462 956 668 1040 vectigalium
689 956 869 1027 acmbitaat
885 958 1016 1042 pnbrin·
1052 978 1061 1040 ζ

103 1098 221 1153 aurum
247 1074 450 1143 exactionent
471 1086 614 1137 veterum
639 1070 787 1139 omniura
809 1090 919 1143 terum
943 1096 1020 1143 con·

104 1194 265 1271 mutatio:
288 1192 372 1271 alia,
395 1205 477 1271 quae
500 1204 662 1254 recensere
687 1186 880 1272 infinitum,
911 1206 942 1259 et
960 1190 1020 1261 ain·
1057 1178 1062 1219 ⁵

105 1309 226 1399 polaris
248 1305 438 1391 scriptionis
464 1282 709 1389 argumentum,
730 1304 790 1371 nit.
825 1303 903 1375 Hir
924 1306 956 1377 in
974 1324 1021 1377 ea·
1060 1316 1062 1321 ·

105 1424 305 1497 inmitatibus
328 1420 481 1490 Boeraiua
506 1418 607 1503 magio
643 1419 811 1501 aliorum,
850 1440 947 1504 quara
973 1440 1024 1492 ant

106 1558 243 1621 ceneta,
253 1536 391 1605 dolebat.
414 1534 497 1601 Nun
513 1535 706 1616 quamviaet
719 1536 794 1618 ipae
806 1539 936 1621 pubiiei
950 1540 1023 1612 aerir

109 1654 408 1735 circumscriptione
429 1669 573 1734 magnam
599 1649 803 1719 fortunarum
822 1668 945 1739 parterm
959 1656 1027 1725 ani·

111 1785 218 1852 cerat,
236 1784 363 1846 tamen,
379 1767 455 1848 quia
471 1765 565 1831 anius
580 1777 859 1844 erat,etreaauaa
872 1768 1028 1855 diiigenter

111 1881 340 1970 diepeneabat,
356 1878 491 1949 habebat
508 1878 587 1945 satia
601 1876 738 1961 reliqui,
762 1879 853 1949 unde
868 1868 1029 1951 liberaliter

109 2005 256 2082 viveret,
277 2010 311 2064 at
328 1994 489 2065 nonacris
507 1995 591 2061 unde
605 1993 701 2075 aliia,
724 1995 776 2063 oti
794 1996 934 2080 rom,
956 2014 1031 2065 cuc·

110 2131 266 2201 perteret.
309 2112 399 2181 Fecit
413 2106 648 2193 nihilominus,
671 2125 709 2177 ut
731 2110 782 2179 nii
797 2129 842 2181 ea
862 2126 1029 2187 emona

112 2252 189 2319 erga
208 2232 289 2300 aiios
314 2228 532 2297 beneficientia
551 2226 767 2297 imminueret.
812 2224 958 2297 Omine
971 2244 1032 2303 maa,

114 2351 167 2438 gis
193 2348 301 2434 specie
326 2348 433 2415 illatae
449 2344 672 2430 indignitatis,
696 2360 795 2427 quarn
812 2344 1032 2417 ammorii
1058 2348 1064 2393 ἴ

115 2464 218 2546 tatis,
240 2458 444 2527 movebatur.
487 2457 600 2525 Veluti
623 2459 753 2526 ineunte
778 2454 966 2529 Novembri
985 2478 1035 2529 au·
1062 2504 1064 2509 -

114 2580 153 2651 ni
166 2592 369 2654 uncccxrr,
392 2592 491 2655 quum
513 2572 686 2639 Academia
702 2571 742 2638 ad
758 2570 959 2642 Francicum

115 2696 192 2763 dum
209 2691 431 2770 ordinaretur,
450 2686 695 2757 Pruseacoribue
712 2706 802 2757 novo
817 2690 976 2759 iunctm
986 2704 1033 2765 ver

116 2802 224 2882 atim,
245 2800 339 2884 plane
357 2798 416 2866 iiio
437 2798 627 2866 abhorrente
648 2818 667 2866 a
686 2800 847 2884 gravitate
862 2802 964 2871 moria
978 2816 1032 2869 ua·
1057 2811 1058 2816 ’

116 2922 247 3009 iorum,
269 2913 411 2994 muntia,
433 2913 504 2997 ipre
529 2932 677 2999 praesens
706 2917 751 2983 ita
768 2916 960 3002 indignatur
975 2926 1032 2996 ert,

123 3047 161 3101 nt
185 3028 248 3097 sibi
272 3044 443 3109 temperare
461 3046 528 3096 non
545 3041 680 3111 posset,
702 3029 785 3113 quin
802 3048 936 3099 sensum
951 3026 1031 3099 ruini

122 3146 219 3215 vultu
235 3157 267 3210 et
289 3161 370 3210 voce
384 3156 556 3227 promeret.
578 3142 664 3209 Ecce
683 3144 780 3211 verni
800 3144 862 3213 ilio
878 3147 955 3233 ipen
969 3162 1032 3212 tea·

120 3284 224 3355 pore,
253 3283 322 3348 quo
341 3261 493 3333 Libertas
513 3263 633 3333 Batava
653 3266 907 3356 conclamatur,
938 3266 1035 3354 aeprii·

124 3398 202 3469 tut,
223 3394 256 3472 et
273 3377 441 3447 Franeieae
457 3378 670 3447 dominationi
694 3379 729 3447 in
753 3400 950 3466 perpetuum
970 3382 1033 3451 sni·

123 3494 257 3583 licitur,
285 3493 436 3559 dominus
467 3491 503 3558 in
534 3490 655 3559 Ruenia
686 3493 775 3576 ruit,
807 3496 950 3583 indeque
975 3508 1037 3563 not

46 3692 48 3697 4
127 3608 283 3691 fugiens,
321 3607 461 3691 proximi
490 3607 566 3683 enni
595 3609 703 3675 eodem
738 3628 849 3679 menae
878 3611 1040 3685 Novembri

130 3739 219 3793 naua
242 3720 393 3787 Rhenum
418 3723 578 3809 reiicitur,
600 3739 630 3791 et
655 3721 804 3793 Libertas
831 3726 954 3799 Batava
975 3728 1042 3797 reri·

133 3840 242 3913 eiecit.
293 3836 446 3907 Boereius
478 3841 540 3909 hoc
565 3838 782 3927 virgilianum
810 3843 846 3913 in
872 3864 911 3916 te
932 3862 1044 3919 accon·

132 3953 304 4033 nodabatt

1001 4130 1067 4209 in.
