2362 4936
193 570 241 668 {a
473 584 844 657 corstona

178 758 334 868 'promtu
354 773 528 842 babeamus
545 770 626 839 illud
642 771 835 842 Cleanthis:
855 774 959 859 'Arae
977 778 1011 850 ll
1025 782 1082 865 μ’,
1104 750 1130 856 i

199 902 287 980 zea,
304 895 355 965 eal
378 893 418 962 cti
441 890 513 973 r’i
540 893 747 976 uespertinis,
768 890 865 964 'Oxos
883 894 950 965 ποθ’
973 899 1132 991 ipsissimi

199 1009 457 1093 &commitem

205 1134 210 1141 '
241 1130 288 1198 lit
304 1121 566 1209 quandoquidem
588 1121 677 1213 quod
696 1120 771 1205 quis
797 1134 895 1209 agot,
919 1125 966 1192 nil
986 1132 1134 1210 superest

199 1260 298 1333 qoam
314 1259 411 1310 suum
429 1240 550 1323 cuique
566 1239 732 1321 officium,
753 1257 833 1325 age,
857 1255 888 1307 et
903 1261 965 1310 nos
982 1259 1133 1311 nostrum

201 1376 360 1445 agamm,
382 1371 414 1423 et
441 1374 502 1440 ego
530 1373 581 1420 me
604 1357 756 1439 protinus
782 1355 823 1422 ab
850 1358 948 1445 hujus
975 1362 1133 1444 temporis

198 1473 398 1562 cogitatione
412 1474 452 1539 ad
475 1471 728 1540 recordationem
748 1476 979 1542 adolescentiae
998 1476 1133 1544 institu-

199 1598 333 1674 umque
347 1588 556 1673 scriptionem
575 1586 719 1658 referam.
766 1590 870 1675 igitur
885 1610 946 1676 ego
961 1595 1015 1660 illa
1033 1608 1133 1660 aetate

197 1707 351 1794 cogitans
372 1703 519 1772 Platonis
550 1691 747 1789 editionem,
780 1707 925 1775 solebam
956 1712 1036 1775 mihi
1062 1713 1136 1795 ipse

194 1816 303 1912 iustae
315 1819 468 1888 editionis
483 1818 823 1911 formamdeslgnarc3
839 1842 934 1905 quam
952 1823 1054 1906 Tibi,
1066 1827 1133 1912 jam

196 1937 380 2023 depositum
397 1952 415 2000 a
430 1952 481 2001 me
495 1924 665 2020 hocopus
690 1952 907 2022 suscepturo,
932 1959 1132 2025 cognoscere

195 2073 266 2145 pon
287 2053 403 2121 inutile
418 2052 473 2120 sit.

202 2186 206 2197 ·
243 2169 391 2239 Editoris
407 2187 526 2238 munus
541 2169 669 2237 duabus
687 2183 816 2239 constat
834 2173 1006 2256 partibus,
1029 2197 1137 2242 emen·

197 2288 332 2359 datione
353 2301 386 2354 ct
409 2291 696 2376 interpretatione.
745 2288 820 2357 Hoc
840 2302 929 2356 nuoc'
950 2293 1049 2359 verbo
1070 2314 1141 2361 mo·

159 2442 167 2459 =
196 2406 312 2477 'aluisse
332 2405 412 2472 satis
429 2420 499 2488 est;
524 2406 786 2487 quandoquidem
808 2409 847 2474 de
864 2421 1006 2491 utroque
1029 2411 1136 2477 officio

198 2518 336 2588 liberius
363 2520 575 2604 exposuimus
605 2521 703 2600 alibi,
729 2535 761 2584 et
784 2539 889 2602 nuper
905 2523 940 2585 in
965 2523 1139 2590 Praefatio·

199 2646 244 2707 be
259 2638 299 2702 ad
317 2634 542 2701 Plutarchum.
589 2633 688 2700 Nunc
712 2634 799 2698 aliud
820 2636 910 2700 volo.
954 2634 1037 2700 Nem
1057 2640 1139 2708 mihi

198 2750 396 2823 adolescenti
418 2749 609 2832 accidebat,
641 2764 702 2832 ut,
736 2767 838 2833 quum
864 2764 1040 2833 utrumque
1064 2756 1133 2822 olis.

198 2872 287 2942 cium
302 2869 430 2938 Platoni
447 2868 649 2953 adhiberem,
673 2888 779 2937 tamen
802 2872 920 2936 multas
937 2893 1046 2939 eorum
1064 2894 1140 2957 par·

199 3008 251 3062 tes
266 3011 334 3061 non
359 2990 531 3076 perspicue
550 3007 801 3073 cognoscerem:
828 2990 1027 3074 sentiebam,
1052 2994 1135 3060 mibi

199 3115 326 3200 aliquid
350 3115 460 3182 deesse
483 3114 523 3180 ad
547 3130 657 3179 eorum
686 3128 868 3181 accuratam
896 3115 1138 3198 cognitionem:

199 3253 286 3315 nee,
309 3233 406 3322 quale¹
426 3230 490 3297 hoc
518 3243 625 3312 esset,
656 3229 889 3318 intelligebam.
936 3232 1037 3300 Venit
1057 3234 1138 3300 milri

197 3348 326 3414 tandem
342 3345 376 3410 in
393 3358 553 3423 mentem,
565 3357 672 3410 totum
687 3360 911 3429 argumentum
925 3345 960 3410 in
977 3364 1053 3410 suas
1068 3366 1142 3429 par·

197 3471 248 3526 tes
263 3461 470 3528 distribuere.
510 3459 598 3526 Hace
612 3476 663 3525 me
678 3460 866 3526 distributio
884 3478 1001 3544 sponte
1017 3464 1056 3529 ad
1072 3467 1141 3531 sin·

198 3578 350 3663 gularum
369 3575 590 3661 cognitionem
610 3576 747 3659 partium
766 3577 932 3659 ducebat,
956 3579 1073 3643 mentis
1091 3578 1141 3643 in·

198 3694 347 3761 volutam
377 3692 544 3760 notionem
568 3693 768 3777 explicabat,
794 3707 830 3758 ut
844 3693 906 3779 jam
926 3694 1139 3779 intelligerem

198 3808 282 3894 quid
308 3808 390 3874 iilud
414 3823 500 3875 esset
528 3812 618 3892 quod
643 3810 723 3876 mihi
752 3809 931 3894 defuisset,
955 3814 1141 3896 multaeque

197 3940 303 3992 novae
332 3938 364 3991 et
386 3926 551 4012 judicandi
585 3941 617 3994 et
648 3928 829 3995 inveniendi
863 3931 932 3996 viae
960 3931 1038 3995 mihi
1065 3951 1142 4015 ape·

199 4038 352 4110 nitentur.
396 4041 476 4109 Erat
503 4057 606 4110 autem
632 4044 823 4112 distributio
840 4066 858 4112 a
873 4045 1014 4130 simplici
1040 4047 1143 4113 maol·

189 4156 353 4245 ‘festoque
377 4158 440 4228 hoc
463 4159 631 4249 principio
652 4163 771 4246 ducta,
795 4176 922 4231 omnem
941 4161 1136 4231 emendatio-

560 4288 566 4303 “
622 4292 628 4299 “
1084 4279 1139 4360 nil
