2362 4936
198 605 259 675 DE
278 601 675 677 IMMORTALITATE
697 603 846 678 ANIMI·
913 616 978 697 589
1038 697 1041 704 ,

86 800 173 873 urio,
195 811 263 861 non
279 792 407 860 interire
420 806 495 857 curn
508 791 747 875 ¹Corporibus,
768 795 982 878 consequitur
994 803 1058 916 ἕω
1066 792 1120 849 V·

86 929 131 976 rrn
155 927 195 975 ex
212 910 336 989 reliqui
358 905 502 993 Platonis
527 908 696 993 domini,
719 924 786 975 tunt
804 929 843 976 cx
857 912 896 978 el
911 915 983 999 ejus
1022 875 1120 939 ’Ἧι
1164 952 1165 956 ,

86 1039 171 1115 itte,
202 1042 285 1106 quae
309 1038 357 1088 est
382 1025 420 1088 de
442 1021 661 1090 Providentia.
706 1025 831 1107 Igitur,
854 1041 894 1094 ut
917 1028 983 1097 hoc

86 1140 302 1217 undamentum
318 1155 356 1203 ex
373 1138 497 1203 incerto
514 1149 635 1203 certum
656 1137 736 1218 fiat,
761 1139 985 1211 demonstran·

86 1271 138 1317 um
164 1267 236 1334 εει,
260 1250 371 1319 Animi
386 1251 452 1320 viru
470 1250 633 1334 cogitandi
649 1268 715 1318 non
734 1270 833 1334 posse
850 1255 927 1323 oriri
943 1245 984 1325 ei

86 1365 306 1448 ompositione
330 1365 466 1450 partium
486 1364 653 1433 materian·
687 1364 787 1451 Quod
811 1385 903 1438 sento
921 1372 998 1439 ns„

86 1497 216 1546 umento
229 1480 387 1548 conficere
405 1480 514 1550 studet
527 1480 633 1548 Plato.
974 1552 977 1559 ,

96 1592 258 1682 Quartum
282 1614 321 1661 eo
335 1595 438 1674 ualet,
466 1608 503 1661 ut
529 1596 742 1676 ostendatur,
766 1596 981 1682 Animosjttn

86 1723 227 1791 nequam
257 1708 292 1780 iu
323 1709 469 1792 Corpora
499 1701 663 1790 venirent,
694 1710 845 1778 notiones
874 1731 980 1781 rerunt
1048 1763 1052 1769 -

86 1823 256 1892 uiversales
278 1824 453 1909 habuisse:
477 1824 567 1905 qnod
589 1823 716 1905 quidem
734 1826 893 1910 ejusmodi
909 1842 981 1909 est,

86 1954 96 2006 t
111 1939 318 2005 vehementer
334 1938 475 2004 dubitem
500 1955 541 2003 an
567 1938 757 2004 recentiores
775 1938 912 2007 idearum
929 1940 982 2006 in·

86 2069 207 2122 ttarnrn
232 2051 360 2137 pattoni
383 2053 510 2116 acutius
528 2053 606 2136 quid
622 2067 653 2119 et
670 2052 825 2120 subtilius
840 2056 880 2120 ad
897 2054 979 2125 hanc

86 2187 206 2236 tussam
227 2166 430 2234 obtinendam
446 2167 710 2249 excogitaverint.
748 2167 839 2237 Nam.
852 2169 891 2234 de
904 2167 981 2236 fon·

86 2302 140 2349 eet
158 2283 254 2349 initio
279 2281 448 2349 notionum
472 2282 551 2347 duae
574 2297 652 2379 sunt
668 2298 786 2362 cacque
803 2283 980 2351 contrariae

86 2395 973 2482 illosophorumsententiaetalteraAristotclisetboc·

86 2514 123 2596 i,
135 2513 192 2595 qui
208 2526 357 2579 statuunt
372 2490 569 2594 cognitionis
591 2508 719 2578 initium
739 2511 882 2594 positum
905 2529 978 2580 esse
1052 2559 1054 2564 -

86 2651 91 2698 i
108 2628 260 2696 sensibus
285 2624 468 2709 Corporis,
490 2641 548 2708 per
563 2641 650 2705 quos
667 2624 805 2708 primum
824 2626 975 2695 notiones

86 2761 158 2810 rum
176 2755 373 2809 externarum
383 2737 500 2806 'inferri
514 2739 549 2805 in
559 2738 713 2808 Animum
731 2743 853 2808 nudum
870 2755 903 2808 et
919 2759 976 2808 va·
1031 2804 1037 2813 .

86 2877 152 2925 inm
164 2859 204 2925 tb
220 2857 309 2924 omni
326 2855 480 2922 notione:
494 2857 590 2922 altera
599 2867 649 2920 εει
659 2855 826 2936 Platonis,
837 2855 894 2939 qui
904 2870 975 2923 tue·

86 2971 291 3057 triuissejam
311 2968 463 3034 notiones
480 2969 513 3035 in
528 2969 647 3036 Animo
665 2985 834 3052 antequam
844 2971 879 3038 in
889 2971 975 3038 Cot·

86 3103 119 3154 us
132 3085 247 3153 veniret
261 3104 272 3151 s
285 3083 408 3165 quippe
423 3085 480 3164 qui
493 3102 559 3150 non
571 3085 678 3168 possit
693 3086 858 3169 suscipere
868 3100 901 3152 et
908 3086 977 3153 vel.

86 3202 100 3269 i
120 3217 292 3285 agnoscere
309 3197 462 3280 imagines
476 3214 579 3263 rerunt
600 3212 799 3265 externarum
823 3201 974 3267 sensibus

86 3318 250 3397 latarum,
267 3313 330 3381 nisi
339 3311 417 3379 alias
427 3310 518 3394 prius
527 3311 637 3376 habeat
645 3310 798 3377 notiones
808 3355 824 3391 ‚
836 3313 877 3376 ad
892 3331 975 3394 quas

86 3450 123 3500 εε
141 3429 294 3514 imagines
312 3424 509 3491 extrinsecus
525 3423 651 3491 oblatas
668 3414 780 3489 referat
794 3438 892 3506 atque
905 3425 975 3491 exi·

86 3558 114 3613 ι.
147 3543 236 3617 Haec
257 3556 306 3610 est
322 3541 480 3607 Platonici
494 3537 670 3621 argumenti
687 3538 761 3619 vis,
784 3557 877 3620 quam
899 3541 971 3643 vul·

86 3687 96 3731 ι,
116 3675 184 3725 raon
215 3659 296 3726 satis
332 3668 540 3738 perceperunt
569 3654 773 3749 interpretes.
824 3651 972 3751 Platonis

86 3771 236 3839 utentitm
253 3789 385 3837 secutus
400 3785 449 3835 εει
464 3767 669 3847 Leibnitius‚
683 3785 815 3867 moue
831 3769 895 3862 sub
911 3789 972 3845 no-

86 3885 133 3953 lne
146 3883 455 3952 doctrinacdeldois
472 3887 596 3971 innotis
611 3882 794 3977 celebravit.
817 3884 879 3951 Sed
900 3867 969 3953 Pla·

99 3999 399 4082 quidemconlicere
417 4001 492 4068 hinc
511 4000 637 4077 uoluit,
653 3998 804 4064 Animum
825 4013 918 4064 antea
934 4000 970 4069 in

86 4113 345 4201 incorporibus
365 4114 483 4187 fuisse.
525 4111 694 4213 Leibnitia
721 4113 783 4182 hoc
803 4130 971 4210 unum-sa·
