2362 4936
113 140 179 210 aaa
286 135 346 203 nn
369 131 509 204 onmu
529 134 664 218 saxu,
687 136 868 219 ruamur,

114 321 273 412 Jacobum
291 321 481 409 megenum,
504 319 635 405 insigni
670 323 826 391 scientiae
858 321 1033 409 ingeniique,

118 441 212 507 laude
226 440 390 506 florentem
405 441 569 524 juvenem.
614 439 677 505 iiic
699 458 749 504 me
763 441 906 521 doeens,
927 439 1026 511 Hiera·

112 556 215 638 riam,
235 553 495 638 Geographiam,
514 569 636 619 veteres
651 553 820 638 Linguas3
839 555 931 635 plura
946 554 1024 623 etirn
1065 554 1071 639 ξ

112 677 227 744 volens
242 678 378 758 ducere,
394 677 515 758 quibus
533 680 675 744 nondum
696 694 840 749 maturus
856 697 937 745 eram
948 724 960 759 ,
972 679 1026 744 vei-
1060 646 1071 767 i

108 792 160 857 uti
173 791 427 873 'Mathematica,
445 808 476 859 st
496 791 634 873 Latinos
660 811 775 859 versus
791 811 948 877 pangeret
972 793 1026 859 due

106 905 321 987 terrebant,
344 924 484 988 quorum
512 924 650 988 prorsus
667 906 772 971 adhuc
801 924 914 988 expers
936 924 1025 989 erant,
1061 946 1064 951 -

106 1039 171 1088 suo
201 1020 347 1103 exemplo
374 1023 407 1087 in
429 1040 479 1087 ute
504 1023 554 1087 vel
573 1022 729 1088 excitavit
746 1024 798 1088 vel
818 1021 1022 1106 ingeneravit,
1066 1068 1071 1085 .

105 1156 237 1204 sensum
265 1139 394 1221 pulcri,
423 1152 455 1211 et
481 1137 700 1209 assiduitatem
739 1139 865 1220 studii;
890 1139 971 1205 unde
989 1136 1026 1205 fr-
1057 1102 1071 1193 i

108 1272 197 1327 ctum
226 1269 295 1335 est,
319 1271 355 1319 ut
373 1253 556 1337 Scriptores
573 1253 709 1334 Latini,
732 1254 766 1320 in
799 1253 912 1336 primis
937 1252 1026 1338 Virgic

110 1371 178 1435 lius
204 1382 236 1433 et
265 1366 403 1451 Nepos,
425 1383 456 1433 et
480 1369 640 1450 placerent
659 1368 737 1435 mihi
753 1380 1021 1453 summopemtt,

110 1487 338 1570 adlegandum
364 1486 631 1569 relegendumque
648 1501 698 1563 pte
717 1481 881 1556 allicerent
902 1502 938 1557 ac
953 1496 1023 1551 tent·

110 1614 194 1667 rent.
232 1606 364 1685 -Quarto
383 1618 469 1665 anno
486 1598 539 1664 iiic
559 1599 729 1682 publicum
745 1599 882 1673 docendi
901 1615 1024 1681 munus,
1068 1668 1071 1689 ἔ

110 1734 188 1793 mox
206 1715 386 1781 cathedram
403 1713 594 1795 Matheaeos
619 1714 653 1785 in
677 1714 848 1792 Academia
873 1713 1022 1793 Rintelem

112 1833 144 1899 si
160 1830 319 1914 adeptus,
341 1846 485 1911 nestram
507 1832 639 1909 domum
660 1831 812 1913 reliquite
836 1849 897 1915 ego
916 1826 1021 1915 scholia

110 1946 337 2022 Professururn
359 1967 487 2033 operam
507 1949 579 2022 dare
601 1948 716 2031 coepit
736 1947 858 2029 quibus
877 1945 1021 2030 quadrien·

111 2064 203 2136 nium
222 2066 338 2146 partim
356 2065 541 2148 perceptis,
565 2066 681 2147 partim
699 2064 903 2149 degustatis,
926 2061 1022 2147 quintu

115 2203 203 2257 anuo
221 2183 366 2263 relictis,
389 2194 493 2255 tntum
512 2201 560 2249 me
576 2183 774 2250 Graecorum
797 2182 928 2259 lectioni
943 2176 1017 2247 ledia

112 2300 148 2377 in
160 2320 262 2383 eaque
277 2320 389 2367 rursus
408 2300 651 2383 quadriennium
669 2315 843 2380 versatus,
858 2294 1018 2383 Enetum

111 2417 269 2486 Criticam
292 2421 332 2486 ad
355 2418 587 2495 Ruhnkenium
614 2420 745 2502 scripsi.
790 2419 864 2488 lloc
894 2409 1023 2489 interii!a

110 2536 165 2616 lo,
199 2553 277 2601 casu
303 2534 336 2600 in
360 2534 513 2616 Bangium
540 2534 661 2615 incidi,
692 2537 798 2605 eadem
824 2535 858 2601 in
887 2532 961 2599 urhe
979 2526 1021 2593 de·

111 2662 261 2735 gentem,
283 2649 405 2719 nobilis
431 2649 569 2717 familiae
590 2655 833 2736 paedagogum,
858 2643 1019 2732 quindecim
1061 2666 1071 2747 1ξ

107 2763 174 2831 iere
192 2765 285 2833 annis
304 2783 355 2834 ure
374 2768 549 2852 majorem,
586 2767 690 2835 omnis
722 2768 861 2840 liberalis
879 2764 1022 2841 doctrinae
1063 2750 1071 2857 i

107 2884 272 2963 peritum,
297 2880 499 2949 Graecarum·
517 2896 622 2947 autem
650 2881 907 2964 Latinarumque
922 2882 1024 2949 Lirem
1061 2880 1071 2951 -i

107 3015 179 3064 rum
199 3015 346 3067 accurata
364 2998 498 3066 scientia
512 3000 742 3079 excellentem,
766 3012 796 3061 et
814 3000 909 3079 plane
924 2998 963 3063 ad
978 2993 1026 3061 Er·
1051 2954 1071 3083 ἐ

112 3112 256 3181 destinae
286 3114 419 3181 rationis
449 3113 634 3196 elegantiam
662 3112 836 3181 excultum.
880 3111 927 3179 Et
943 3112 1026 3194 huius
1055 3104 1064 3177 i

85 3226 192 3293 „milri
223 3229 283 3294 viri
311 3228 482 3299 fructuosa
509 3228 574 3294 fuit
597 3230 799 3299 consuetudo
823 3228 863 3297 ad
879 3227 1031 3311 cognitia-
1060 3256 1067 3333 ξ

104 3360 178 3417 nem
201 3343 234 3412 in
262 3343 379 3425 primis
407 3346 568 3416 bonorum
596 3347 754 3417 librorum
780 3344 813 3411 in
834 3345 963 3419 Latinis
980 3342 1033 3410 Li·
1065 3326 1071 3357 ⁵

101 3457 200 3538 teris,
222 3457 398 3538 inquibus
418 3474 670 3536 tuncuovuset
695 3464 815 3543 hospes
843 3481 942 3531 eram.
985 3462 1037 3529 sa·

102 3575 280 3651 cerdotium
306 3578 505 3649 rusticanum
532 3581 629 3646 semel
654 3591 791 3658 nactus,
814 3579 849 3644 in
871 3580 947 3663 ejus
972 3596 1041 3645 unu

105 3688 163 3777 ure
179 3692 297 3779 latuitt
313 3695 505 3781 Academiae
524 3695 774 3798 lucc,quamvis
792 3715 877 3779 unus
896 3699 1042 3765 omnium

990 3813 1039 3881 di.
