2362 4936
279 571 366 646 an
420 540 829 644 hausurum.
981 570 1020 651 2'1

101 770 214 849 luens,
236 776 399 847 sequatur.
446 760 511 828 Sed
535 752 591 827 Tu
617 759 771 846 Dionysii
799 761 934 843 locum,
954 750 1041 848 jam
1095 782 1101 795 ’

105 898 190 951 antea
213 880 287 947 'libi
311 880 459 956 lectum,
491 874 526 939 in
548 890 608 942 tuo
629 874 701 959 ipse
725 875 875 957 exemplo
896 876 1021 961 relege3

70 1008 72 1017 '
108 995 240 1064 cstmim
258 992 391 1080 longior
416 1006 514 1073 quam
539 987 598 1071 qui
623 987 676 1054 hic
695 1004 895 1075 apponatur:
917 1005 1023 1057 astat

110 1111 305 1201 inEpirruia
331 1106 383 1173 ad
413 1104 600 1192 Pumprjuru
633 1102 716 1186 Cap.
735 1105 783 1185 ll,
815 1123 851 1187 p.
871 1122 946 1189 203.
970 1106 1021 1174 ed.
1087 1093 1091 1099 ⁴

112 1225 258 1293 lindson:
277 1237 314 1288 et
341 1220 463 1309 partlm
490 1220 658 1301 repetitus¹
673 1217 708 1284 ln
729 1216 867 1303 Jadr'cio
890 1217 931 1285 dr
956 1218 1036 1295 Du·

115 1344 257 1411 airricus
284 1340 373 1422 Cap.
389 1334 461 1420 Vl,
486 1326 737 1421 vn,p,'2713
758 1324 950 1404 eteumdem
973 1320 1041 1405 l'o·'''
1084 1416 1087 1421 ,

114 1476 179 1525 tun
198 1458 257 1542 jam
272 1466 428 1538 posuerat
446 1453 480 1522 in
507 1467 595 1536 parte
612 1470 700 1519 nunc
717 1452 839 1536 perdita
860 1456 969 1538 operis
988 1440 1037 1523 dr*

119 1570 299 1640 Oratoribus
317 1569 454 1641 Atticis.
499 1568 598 1636 Tanti
615 1569 642 1634 el
656 1567 826 1637 videbatur
846 1568 1040 1640 istam'Pla'·‘

120 1687 198 1756 tonis
215 1686 491 1771 reprehensionem
518 1684 640 1766 ubique
663 1673 835 1752 incuicare.
1034 1664 1040 1681 ’

152 1802 195 1869 Et
209 1803 296 1884 qnod
313 1800 404 1882 dixi,
422 1799 551 1867 Platoni
565 1800 744 1882 exemplum
762 1800 919 1882 colloquii
932 1792 1034 1871 etlanr¹

119 1915 221 2000 poitas
234 1912 442 1998 praebuisse:
465 1908 555 1981 c'rrte'
566 1903 740 1997 utrumque
757 1931 857 2000 genus
871 1918 936 2002 jam
956 1920 1039 2000 phi&

70 2056 72 2127 ξ
120 2029 273 2116 lnsophiae
286 2028 500 2099 adhibuerant
514 2030 655 2110 scenici,
671 2029 813 2113 tragicus
833 2028 1037 2112 Euripides,¹

117 2150 252 2219 comicus
283 2146 514 2234 Epicharmus.
569 2147 615 2214 Et
639 2148 810 2214 mimorum
839 2146 1059 2231 scriptorem·

121 2263 313 2351 sophronon
339 2264 512 2350 diligenter
533 2264 694 2331 lectitavit
712 2251 823 2348 Plato}
846 2282 913 2348 qun
933 2266 1035 2350 magis

122 2381 260 2466 dialogos
285 2381 355 2465 ipse
379 2399 462 2448 suos
483 2368 529 2448 'ud
551 2379 864 2447 verisimilitudinem
896 2396 927 2446 et
950 2376 1038 2448 coms

123 2497 223 2563 munis
238 2498 323 2563 vitae
337 2497 477 2579 speeiem
495 2495 660 2563 formaret.
705 2492 811 2583 Quam
827 2494 954 2581 quidem
970 2498 1038 2562 lan·

120 2616 181 2680 dem
199 2613 333 2679 mirifice
353 2613 511 2697 explevit.
555 2611 719 2680 Differunt
738 2611 822 2679 enim
848 2611 947 2699 hujus
969 2613 1040 2679 dia·

119 2729 178 2814 logi
200 2729 239 2795 ab
263 2730 341 2796 aliis
369 2742 404 2795 et
430 2727 669 2794 Socraticorum
689 2739 721 2792 et
739 2726 875 2794 aliorum
893 2718 1040 2795 omnium

121 2845 385 2935 philosophorum
425 2842 563 2927 dialogis
594 2856 742 2926 tantum,
774 2857 931 2927 quantum
965 2845 1042 2912 virt

122 2980 249 3046 corpora
273 2982 292 3029 a
316 2958 449 3029 statuis.
494 2959 578 3027 Nam
596 2976 633 3026 ut
651 2961 834 3044 Xenophon
852 2959 1040 3028 sententiam

125 3078 257 3147 Socratis
276 3079 388 3146 verina
406 3077 631 3175 sinceriusque
650 3056 770 3144 tradate
789 3091 874 3142 certe
888 3076 980 3142 Plato
998 3064 1047 3142 ra'·

124 3197 233 3264 nonem
267 3194 468 3264 socraticam
500 3193 654 3261 alsonus
681 3193 849 3277 exprimit:
885 3192 960 3260 rico
982 3172 1068 3258 no.¹

128 3310 226 3392 uam,
248 3308 491 3388 urbanitatem,
514 3305 667 3388 facetias,
696 3308 863 3392 imaginem
887 3307 1049 3389 qnotidia-

127 3442 180 3493 nae
199 3424 450 3495 consuetudinis
476 3440 512 3489 ac
540 3424 722 3506 sermonis,
743 3435 814 3491 tum
838 3422 923 3491 illam
947 3424 1049 3490 disse·

130 3546 209 3611 rendi
231 3546 317 3610 viam
336 3541 608 3610 accommodatam
629 3540 682 3608 vel
701 3540 740 3606 ad
756 3558 878 3608 errores
892 3558 1047 3610 vanorum

125 3661 295 3729 'hominum
320 3656 567 3739 confutandos,
597 3658 648 3725 vel
670 3658 710 3725 ad
732 3656 837 3724 studia
855 3658 1047 3726 discentium

132 3777 285 3862 juranda,
317 3791 372 3860 et,
404 3774 499 3858 quasi
524 3774 711 3842 obstetricis
737 3772 859 3859 instar,
882 3793 920 3843 ex
942 3792 1051 3857 partu·

136 3895 285 3962 rientibua
314 3906 431 3962 eorum
457 3889 595 3974 ingeniis
621 3888 961 3956 notiones-involutas
994 3892 1051 3957 cll·

136 4009 268 4077 tiendus.
310 4010 440 4088 Porro,
460 4007 606 4090 dialogus
631 4004 774 4073 Platonis
796 4005 983 4073 habendam
1000 4008 1056 4092 jn·

139 4126 176 4196 ni
199 4126 454 4218 magnitudinem
486 4122 666 4207 mannans,
695 4136 834 4211 partes,
868 4122 1058 4205 descriptio·

139 4270 147 4283 ·
578 4239 644 4332 ug
962 4254 1058 4325 nem,
