2362 4936
97 605 184 707 mn
321 585 813 671 2mmrmn·

106 787 253 883 enempio
268 787 313 853 rei
330 785 418 854 virne
434 788 485 852 vei
501 787 572 856 aliie
592 788 780 866 ostendere,
798 785 851 854 rei
867 784 933 859 rnsr
951 810 1012 876 pm

51 893 54 904 ’
109 900 217 988 cipere
234 902 400 983 solemur,
423 903 534 989 fingite
550 905 649 998 vobis¹
671 904 930 984 metaphysicum
950 908 1012 972 iiim

108 1020 278 1098 libellum,
316 1034 450 1097 excepta
480 1017 633 1086 materiae
656 1018 863 1099 diversitate,
904 1018 1012 1086 simile

109 1156 180 1206 esse
201 1135 335 1214 libello,
358 1152 454 1216 quem
480 1132 609 1214 nostis,
631 1131 770 1217 Logico.

150 1251 224 1321 ΡΗ.
247 1249 333 1315 Satis
357 1251 420 1314 hoe
443 1262 492 1318 est
514 1248 556 1313 ad
577 1248 680 1314 laudis
703 1250 947 1330 praestantiam.

134 1368 216 1477 ssw·
238 1367 343 1434 Immo
363 1365 402 1433 rd
418 1362 692 1446 mediocritatem
714 1363 854 1445 amplius
883 1364 969 1430 enim
995 1382 1012 1432 u

110 1493 269 1583 spectavi.

158 1609 235 1676 CR.
258 1607 338 1676 Non
362 1607 440 1675 narie
466 1619 515 1674 est
538 1604 740 1672 similitudo:
763 1605 892 1671 accedat
918 1620 1012 1688 oport

116 1726 313 1809 nequalitas3
345 1742 413 1791 non
446 1725 529 1788 enim
558 1740 670 1807 genere
702 1723 831 1802 solum,
865 1722 922 1788 sed
951 1721 1012 1808 gni

116 1843 209 1911 etiam
235 1842 491 1911 lundrensem.

166 1960 224 2025 W.
257 1957 309 2025 En
341 1957 474 2024 solitum
504 1955 739 2041 propriumque
772 1952 941 2020 Critobuii
969 1973 1012 2021 tet

120 2071 214 2145 meni
238 2073 287 2141 eie
308 2086 379 2153 est,
402 2083 438 2138 ut
453 2069 523 2137 nisr
544 2085 576 2137 et
594 2088 656 2156 ego
670 2068 894 2154 aequalitatem
915 2089 1012 2156 quoqr

118 2191 280 2279 spectari.

164 2313 241 2383 CR.
264 2313 370 2397 Atqui
397 2313 428 2381 ei
455 2324 623 2395 utramque
647 2324 818 2378 essecutus
851 2329 911 2395 es,
941 2313 993 2399 rio

119 2452 218 2518 nupta
240 2432 494 2500 mediocritatem
515 2430 732 2499 adscendisse.

162 2546 222 2614 W.
245 2545 336 2633 Quid
355 2545 423 2612 ite?

125 2720 132 2736 ,
162 2661 239 2729 CR.
263 2660 351 2747 Quin
369 2660 572 2726 medroeritas
590 2673 639 2726 eet
656 2659 850 2728 dimidium:
869 2673 901 2726 et
915 2655 1011 2724 initiu

120 2790 169 2844 est
195 2775 388 2856 dimidium
415 2775 524 2858 judice
556 2773 694 2841 Horatio
720 2776 830 2858 enim,
864 2770 1012 2840 Dimidio

113 2891 226 2975 sacti,
249 2891 306 2978 qui
323 2892 446 2976 coepit,
470 2889 584 2954 habet:
603 2904 639 2955 tu
650 2904 757 2955 nutem
779 2910 846 2957 non
864 2889 962 2957 modo
981 2907 1012 2953 et

124 3003 227 3091 pisti,
250 3001 413 3069 sedetiam
439 3001 631 3085 perrexisti:
655 3007 711 3070 sed
735 3004 810 3087 die,
837 3005 959 3086 sodes,
977 3018 1012 3085 qr

121 3090 615 3181 mmmmmmr

99 3298 107 3313 ,
165 3230 221 3297 W.
248 3228 333 3316 Quin
358 3231 462 3297 solum
483 3231 626 3313 perrexi,
653 3250 712 3296 nec
736 3228 869 3314 perfeci.

166 3347 242 3415 CR.
268 3346 361 3413 Vahi
398 3345 501 3434 Quasi
524 3366 599 3414 vero
624 3348 747 3414 nullum
778 3347 843 3414 nisi
877 3348 1012 3433 perfectu

123 3440 244 3528 librum
280 3463 330 3530 edi
356 3462 404 3527 sas
427 3461 489 3527 sir!
517 3460 567 3536 ,ita
590 3481 666 3530 sane
687 3463 783 3530 nobie
813 3467 981 3531 carendum
1006 3477 1012 3524 ι

123 3576 183 3644 ilio
209 3597 368 3646 notorum
394 3591 557 3661 proventu
580 3577 759 3659 librorum,
787 3579 930 3661 quinos
961 3592 1012 3661 que

120 3670 215 3780 ‚runis
238 3693 325 3760 beat.

62 3846 66 3857 ι
167 3810 226 3877 W.
252 3808 308 3878 Tu
330 3812 457 3894 quidem
482 3815 617 3881 acutulo
636 3827 696 3882 tuo
724 3814 819 3899 genio
847 3807 1012 3894 obsequeri

123 3941 180 4005 et,
201 3925 258 4008 qui
284 3928 354 4010 ipse
378 3926 426 3993 nii
450 3928 589 4009 scribis,
614 3927 844 4007 scriptoribus
863 3929 957 3995 eriam
981 3920 1012 4023 ilii

122 4040 196 4109 dis:
219 4061 303 4109 nova
326 4057 433 4109 tamen
456 4044 577 4126 scriptu
603 4057 761 4126 captans,
785 4041 813 4110 si
844 4062 940 4126 quam
967 4039 1012 4106 fon

121 4152 160 4231 in
177 4157 220 4228 iie
237 4159 453 4245 deprehendas
470 4161 644 4249 ineptiam,
671 4159 794 4228 ridendi
812 4156 1012 4246 exagitando*

987 4280 1012 4344 p
