2362 4936
208 584 431 676 nonnata
462 530 828 678 corcomenon}
915 626 980 701 ιη
1075 574 1083 589 ’

98 779 176 861 tutu
194 802 242 851 rem
265 799 370 851 actam
394 799 486 868 egere
508 781 696 867 videamur,
719 798 753 854 et
779 791 977 866 sanctorm.

103 895 154 965 cius
165 917 250 973 nosne
262 898 334 965 suis
351 898 421 982 ipse
436 899 602 968 doctrinae
614 909 835 973 monumentis
849 910 890 976 ad
900 927 990 979 .om·.

100 1023 150 1083 utu
167 1018 372 1102 posteritatem
395 1018 637 1085 commendatus
656 1018 718 1105 sitc
739 1024 915 1093 maluimus
931 1044 982 1095 ta·

98 1136 367 1218 umconmittere,
397 1133 496 1201 utin
521 1135 581 1201 hac
606 1147 718 1204 nostre
742 1141 922 1224 scriptione
945 1159 979 1212 et

92 1251 224 1319 seiulittte
247 1252 364 1336 potius
387 1251 549 1336 judicium
573 1243 792 1338 tritemius,
822 1270 920 1341 quam
943 1261 980 1331 in

86 1366 185 1438 deorlo
204 1369 306 1454 pletas
327 1346 545 1449 crumelum,
566 1367 809 1439 desideraretur.

114 1478 204 1554 Nttus
218 1502 269 1553 est
286 1485 531 1569 Mormoirone‚
550 1487 584 1554 ln
603 1465 714 1554 ricino
727 1487 816 1555 urbis
831 1488 977 1574 Carpen-

86 1601 206 1682 tonctis,
227 1599 417 1667 Comitatus
441 1596 719 1684 Vindauscensis‚
742 1616 837 1685 gente
858 1603 980 1686 nobili,

86 1710 119 1777 lie
130 1710 330 1799 VJanutrii‚
347 1713 423 1782 anni
438 1708 696 1785 Muccxuvl.
741 1714 804 1783 ch
819 1717 902 1787 enim
922 1736 980 1785 ειη·

86 1845 126 1897 lus
141 1830 172 1898 in
186 1831 300 1898 libello
317 1831 446 1897 laudato
470 1829 600 1899 editura
620 1828 677 1912 qui
703 1829 734 1895 si
755 1846 829 1897 vete
855 1832 981 1914 editur,

86 1942 475 2030 armamentorum,
496 1961 557 2011 nos
583 1959 615 2009 et
632 1942 715 2010 alios
739 1962 862 2012 errasse
878 1966 980 2031 opor·

86 2077 128 2144 tt,
147 2069 201 2147 qul
222 2060 493 2131 Sanctocrucium
523 2062 574 2129 vel
599 2059 778 2140 decennio,
810 2061 862 2125 vel
890 2060 988 2126 mini«
1014 2151 1017 2156 Ι

86 2197 149 2247 sum
168 2178 417 2263 quinquennio,
439 2190 658 2243 antennarum
677 2173 883 2241 credidimus.
926 2173 987 2239 Li·
1064 2164 1085 2183 ”

86 2293 188 2363 luisse
202 2291 389 2374 disciplinis
406 2289 581 2356 institutus
594 2284 821 2371 Gratianopoli
835 2289 869 2356 in
886 2272 987 2357 selo·-

86 2408 323 2493 Mesuitarum,
350 2406 437 2472 illius
455 2406 677 2472 institutionis
697 2409 794 2474 modo
808 2427 846 2473 ac
862 2422 989 2493 tempo·

86 2540 112 2590 re
135 2522 310 2606 confecto,
342 2520 476 2588 militiae
508 2538 625 2603 nomen
654 2495 750 2589 antro.¹
777 2519 990 2593 Mucelltl

86 2641 159 2711 m
634 2638 639 2651 .

113 2758 184 2827 Erat
208 2758 293 2827 enim
315 2757 344 2822 ei
362 2770 497 2839 patruus
513 2755 765 2822 Sanctocrucius
784 2754 869 2845 ille,
882 2754 990 2841 Lega-

86 2875 306 2962 usLeglonis,
325 2873 445 2958 insigni
460 2890 572 2939 recens
590 2872 674 2938 fami
691 2874 891 2956 celebratus,
902 2876 987 2942 Beli·

86 2986 386 3074 lanmailmon
411 2990 445 3055 ia
468 2987 671 3055 Aremoricae
691 2990 748 3055 ora
764 3005 992 3076 propugnacu-

87 3106 137 3187 lo,
154 3108 300 3177 adversus
318 3105 543 3172 Britannorum
561 3104 746 3172 diuturnam
762 3121 794 3172 et
809 3110 994 3174 acerrimam

86 3227 344 3310 assumtionem
381 3221 607 3303 defendendi,
639 3239 696 3289 nec
735 3224 825 3305 prius
856 3225 997 3290 dedendt

86 3358 163 3423 utem
182 3342 294 3409 ultima
313 3356 460 3424 quaeque
475 3353 509 3403 et
527 3352 680 3405 tentasset
698 3352 730 3405 et
749 3338 890 3405 tulisset.
923 3339 993 3405 Cu·

86 3457 335 3540 'usiortitudinis
352 3454 652 3534 commendatione,
676 3453 747 3520 Rex
770 3471 843 3519 eum
858 3454 987 3522 Praetu·

86 3592 131 3643 us
142 3572 221 3643 fecit
236 3571 455 3652 Martinicae,
476 3568 623 3637 coloniae
638 3565 810 3636 Gallorum
834 3568 867 3636 in
883 3569 995 3637 Antil-

86 3686 137 3761 ’κίε
153 3690 273 3763 manus
298 3686 566 3758 florentissimae:
592 3701 624 3753 et
641 3685 828 3770 provinciae
853 3685 997 3754 Praetori

966 3820 1002 3869 ru

86 4011 93 4053 r
113 3941 466 4071 Btlsliotltdqueffjuin·
481 4007 532 4066 par
552 3990 599 4049 M.
614 3984 748 4048 Silvestre
765 3987 801 4046 de
818 3985 903 4064 Saty.
921 3987 1003 4046 Prae·

86 4110 172 4167 >mina
190 4100 392 4166 smctocrucll
410 4101 548 4172 luerunt,
567 4098 758 4174 Guilt'elmar,
784 4095 942 4165 Einaouel.
954 4091 1004 4158 J,

86 4215 175 4299 phut.

551 4279 577 4352 P
600 4300 623 4353 s
