2362 4936
69 37 1176 248 ψ

188 554 231 619 2,
471 524 941 601 errorores-f

197 729 431 795 memorentur,
454 711 798 796 praeter-Socraticos:
823 710 1019 783 Heraclides
1043 715 1131 783 Par·

194 840 299 914 teras,
322 830 408 913 apud
434 828 645 908 Ciceronem,
669 825 773 903 Attic·
793 827 889 910 xlu,
914 849 991 915 19³-
1006 832 1133 899 Dicas·

194 949 342 1027 archus,
363 945 449 1027 apud
471 944 640 1023 eumdem,
663 941 769 1012 Tusc.
786 943 827 1022 Ι,
854 962 916 1011 rot
938 942 1027 1013 iorte
1043 950 1131 1017 Arr-

195 1077 243 1128 sro
262 1063 380 1141 Chius,
399 1060 487 1143 apud
502 1057 646 1125 eumdem
661 1055 712 1125 De
729 1055 924 1138 Senectute,
949 1075 991 1126 rr
1013 1061 1134 1133 Clean

196 1177 297 1257 chus,
319 1176 354 1247 in
379 1172 516 1253 Eusebii
538 1172 648 1255 Praep.
679 1171 806 1258 Euang.
822 1173 894 1252 lx,
925 1190 961 1254 p.
982 1193 1133 1262 409,·ex

193 1291 341 1378 Joaepho
372 1302 486 1370 contra
509 1287 671 1370 Apionem
705 1287 743 1369 1,
770 1306 831 1356 na:
867 1285 1015 1376 Stilporr,
1043 1296 1135 1377 apud

195 1406 372 1494 Diogenem
391 1402 556 1476 Laenium
576 1401 630 1484 11,
655 1423 740 1486 120,
762 1416 795 1477 et
819 1402 965 1475 stiuam.

240 1521 290 1597 De
321 1519 497 1587 Aristotele
533 1517 723 1601 diligentius
756 1519 861 1597 dicere
883 1521 1005 1605 juvat;
1038 1525 1134 1606 quod,

198 1636 286 1716 huuc
315 1636 424 1703 locum
449 1633 582 1701 breuius
608 1632 702 1716 attigi
725 1633 758 1700 in
777 1632 960 1718 Praeceptis
978 1635 1151 1719 Philoso«¹

198 1750 461 1835 phireLogicae
483 1747 555 1829 ΙΙΙ,
580 1767 621 1830 1,
642 1767 687 1833 9,
715 1762 747 1814 et
770 1767 869 1817 meam
898 1751 1136 1828 sententiamc

201 1865 371 1946 nonnullis
397 1883 465 1937 non
485 1877 569 1931 recte
595 1862 786 1947 intellectam
813 1864 1038 1937 animadverti.
1081 1870 1137 1947 ne

198 1981 340 2067 primurn
363 1980 491 2064 quidem
509 1998 547 2049 ex
564 1981 763 2058 Ammonio,
786 1980 932 2049 Hermiae
956 1981 1054 2069 filio,
1076 1987 1137 2055 cui

200 2097 355 2177 debemus
382 2094 653 2179 accuratissimam
673 2093 829 2162 librorum
849 2095 1042 2192 Aristotelis
1065 2102 1138 2170 dis·

199 2212 434 2305 tributionem,
458 2212 492 2278 in
519 2209 761 2285 Commentario
779 2212 818 2277 ad
843 2211 1031 2307 Categorias
1055 2236 1139 2301 pro.

196 2327 338 2411 positam
358 2346 392 2409 p.
408 2347 443 2409 a.
463 2327 540 2397 edit.
558 2326 638 2409 Ald,
655 2306 721 2391 eam
738 2327 968 2422 descriptionis
986 2346 1138 2423 partem,

200 2428 282 2538 duae
303 2443 350 2511 nd
372 2443 523 2531 dialogos
548 2441 714 2539 pertinet,
743 2441 862 2509 Latine
888 2460 925 2541 et¹
944 2452 1137 2527 summatim

199 2576 416 2649 apponamus.
467 2559 571 2647 igitur
593 2557 773 2655 secundum
801 2555 936 2653 {ormam
968 2582 1137 2655 rusumque

200 2673 322 2754 scripta
343 2672 532 2745 Aristotelis
556 2668 704 2765 bifariam
727 2671 951 2767 dividebantur
983 2722 1005 2758 „
1021 2694 1058 2747 ut
1082 2699 1138 2750 eg.

202 2831 224 2868 „
246 2799 340 2868 sent,
369 2787 421 2863 vei
446 2784 711 2877 waramanni,
740 2784 773 2852 id
805 2802 881 2887 est,
915 2809 1012 2873 opera
1042 2804 1138 2864 com‘-

85 2940 88 2947 ι
204 2947 227 2988 „
250 2899 379 2986 posita,
409 2901 591 2986 descripta,
623 2901 771 2971 absoluta
792 2902 834 2977 ad
857 2904 1029 2975 editionem
1052 2914 1137 2981 alio·

208 3035 388 3107 „rumque
414 3017 654 3102 cognitionem:
685 3016 735 3083 vel
766 3021 1023 3107 detractauerunt,
1053 3047 1138 3110 quae

206 3132 366 3215 „Latine
391 3132 541 3205 dicantur
563 3135 868 3203 currarentarr'cnsr'a
895 3152 951 3208 ant
977 3160 1140 3213 commen,

201 3293 227 3335 „
254 3251 369 3329 caria,
394 3266 475 3332 quae
495 3249 640 3327 nondum
659 3249 700 3317 ad
716 3248 886 3325 editionem
912 3254 1136 3346 conformata,

207 3409 228 3447 „
251 3363 475 3431 tautummodo
510 3365 689 3441 adversaria
724 3379 755 3430 et
786 3367 944 3440 materiam
971 3372 1138 3449 scribendi

211 3481 329 3560 „iibri
353 3479 564 3547 continerent.
618 3486 866 3565 Συνταγματικὰ
895 3483 1038 3566 duplicis
1065 3490 1140 3556 fue·

208 3639 230 3675 „
253 3611 328 3660 runt
344 3595 488 3678 generis:
513 3597 666 3676 alterum,
690 3599 912 3680 airorpdcorc
931 3614 962 3664 et
977 3605 1137 3687 demam.

207 3754 229 3790 „
251 3714 321 3778 crui
349 3711 455 3792 dicta,
480 3711 513 3777 in
537 3709 658 3801 quibus
679 3729 696 3777 e
714 3729 771 3776 sua
790 3711 860 3795 ipse
880 3730 1016 3797 persona
1034 3719 1137 3786 disse·

211 3869 233 3907 „
254 3843 324 3889 rens
355 3827 394 3890 ad
419 3844 588 3909 germanos
615 3825 776 3894 auditores
803 3831 976 3921 depraves,
1008 3848 1136 3902 senten.

216 3984 237 4020 „
259 3941 334 4005 tiam
358 3959 446 4006 suam
465 3941 643 4024 explicabat
660 3959 717 4024 per
731 3940 985 4011 accuratissimus
1002 3949 1138 4017 demon«

213 4100 237 4142 „
258 4055 450 4145 strutiones,
480 4073 517 4122 ac
553 4055 749 4126 difficiliores
776 4057 849 4134 illas
875 4059 1042 4141 intellectu
1064 4064 1139 4143 aliis

1032 4221 1055 4264 „
1076 4179 1135 4244 ho-
