2362 4936
101 596 171 671 430
338 555 809 637 nrsounnrro

105 781 180 831 enm
207 759 274 839 iio,
297 751 357 839 qui
374 764 452 834 post
476 767 549 819 eum
584 749 733 836 ejusdem
749 748 995 838 aaronem

105 877 199 944 nium
226 881 467 953 susceperunt,
499 861 712 947 conferatur,
736 866 904 934 modatire
918 862 995 951 proin

106 1005 164 1061 cto
194 986 318 1054 laudem
350 1000 518 1051 mereatur.
568 981 633 1048 Hic
664 999 766 1051 unum
792 983 855 1053 sibi
876 994 991 1052 unser

106 1111 192 1185 horr
231 1104 426 1192 Judaeorum
445 1117 564 1167 nomen
583 1118 651 1167 nou
668 1102 742 1185 ejus
760 1100 889 1186 regionis
901 1098 992 1168 inibu

108 1221 395 1304 circumscriptum
413 1217 538 1298 fuisse,
558 1218 613 1283 sed
630 1230 719 1285 extra
734 1236 794 1284 eor
812 1220 849 1287 ad
860 1218 994 1300 aliaeu

109 1354 159 1407 tes
176 1337 400 1423 personuisse.
445 1335 492 1401 Et
509 1335 539 1400 si
557 1332 711 1401 omnibus
727 1332 992 1419 argunnt'uute·

112 1452 303 1535 stimoniis,
326 1468 408 1535 qnae
424 1451 464 1517 ad
485 1450 567 1515 hauc
586 1448 797 1518 obtinendam
818 1467 939 1519 oruann
955 1464 992 1513 er·

115 1569 216 1637 citata
233 1569 449 1651 explicitoque
468 1581 546 1632 sunt
564 1566 679 1649 abeo,
704 1585 768 1635 aua
782 1565 992 1636 eonrnrotider

113 1699 145 1750 et
169 1683 369 1749 auctoritas:
402 1683 505 1749 nihilo
531 1696 635 1748 tamen
660 1685 765 1768 tnagis
790 1685 857 1754 inde
873 1680 992 1749 conficit·

114 1811 190 1880 rur,
219 1798 310 1879 quod
336 1816 377 1863 ne
400 1798 470 1880 ipse
502 1798 630 1879 quidem
664 1800 828 1881 spectavit
850 1798 993 1887 lontrina,

115 1932 192 1983 cum
218 1915 350 1980 nomine
368 1912 564 2000 Judaeorum
581 1911 682 1978 simul
704 1914 823 1985 famam
838 1931 921 2001 atque
932 1912 995 1999 nonii

114 2030 192 2096 tiam
212 2031 251 2097 de
274 2028 447 2115 Religione
471 2044 502 2095 et
524 2027 627 2096 Cultu
647 2046 760 2098 eornm
787 2023 995 2125 manieti

116 2144 226 2212 Patres
258 2143 509 2226 Ecclesiastici‚
536 2163 731 2228 quamquam
768 2167 866 2219 nom
883 2136 995 2215 niuno?

116 2262 227 2329 nullas
261 2260 468 2341 adtulerunt,
497 2260 555 2325 ned
587 2260 628 2326 ab
661 2260 811 2348 Josepiro
835 2262 921 2332 veluti

30 2370 42 2390 “
119 2379 221 2457 dent,
243 2373 441 2441 confidenter
459 2375 633 2458 affirmant,
651 2378 797 2449 Grrecoa
814 2399 833 2448 a
842 2377 953 2467 Judreir

116 2512 169 2565 ras
199 2494 238 2558 de
266 2493 337 2559 Deo
358 2489 513 2557 notiones
531 2490 709 2575 accepisse.
750 2493 823 2581 Jnnr
847 2496 949 2565 recenti

119 2607 235 2686 etiam,
260 2605 360 2671 nullis
387 2602 530 2688 cognitis
554 2607 761 2693 rationibus,
793 2613 916 2681 eandem
936 2625 947 2675 t

117 2734 172 2786 tur
188 2720 401 2800 sententiam,
424 2737 460 2784 ac
478 2720 506 2785 si
524 2738 576 2786 tes
592 2720 663 2804 ipsa
681 2726 849 2808 loquatur.
890 2728 962 2796 Itae
993 2812 995 2817 Ι

115 2836 297 2923 ignorantia
323 2834 442 2900 crescit
464 2835 632 2919 judicandi
670 2843 846 2913 temeritas.
895 2814 995 2913 Hirri

115 2949 268 3043 illelfons
291 2966 458 3028 errorum,
482 2949 603 3032 quibus
627 2956 744 3040 multi,
768 2977 872 3045 neque
889 2956 995 3036 indocti

114 3065 335 3151 decipiuntur.
380 3061 480 3150 Quod
503 3064 531 3130 ei
557 3064 641 3131 enim
660 3067 853 3156 diligentius
874 3077 905 3145 in
924 3088 995 3141 retur

119 3183 324 3266 antiquarum
356 3179 480 3246 ratione
511 3181 655 3249 studium
681 3204 861 3275 potinem,
883 3187 995 3277 proiecte

117 3297 224 3366 dehis
246 3294 384 3377 aliisque
405 3294 517 3361 multis
536 3293 632 3365 rebus
649 3301 781 3373 acutius
801 3306 949 3391 veriorque
959 3306 995 3391 jn·

115 3415 273 3483 dicarent.
319 3410 417 3477 Nunc
442 3410 587 3495 plerique
604 3415 811 3499 antiquitatis
829 3441 914 3493 unam
927 3422 995 3491 attin

118 3545 202 3615 gunt
219 3542 360 3613 partem,
383 3545 466 3609 quae
484 3526 578 3594 rebus
591 3527 736 3615 Judaicis
754 3539 948 3624 continetnr3
965 3554 995 3607 nt

118 3661 182 3725 que
217 3662 285 3708 earn
316 3641 483 3727 diiigenter
510 3658 671 3729 tractant,
703 3663 741 3716 ut
771 3670 916 3724 accnnte
933 3655 995 3722 den

121 3755 304 3822 existimare
324 3760 475 3842 possin13
499 3759 620 3829 Graeca
643 3778 675 3830 et
701 3779 830 3838 externa
853 3772 995 3860 negligunt

115 3869 222 3955 Igitur
251 3889 314 3936 suo
331 3874 471 3956 quisque
488 3879 621 3945 modulo
644 3899 695 3946 ree
710 3885 864 3969 antiquar
886 3885 995 3954 motitur:

36 4030 39 4036 -
120 4002 152 4054 er
186 4004 252 4071 quo
281 3986 354 4070 quis
383 3990 495 4059 rudior
518 4007 567 4060 eat
591 3992 631 4060 ab
655 3999 870 4088 antiquitate,
895 4002 934 4069 ira
952 4006 995 4063 αΙ

958 4108 995 4199 J!
