2362 4936
104 550 181 629 160·
307 544 341 617 ι’
383 548 759 633 ul'r'su‘onh
790 558 810 569 ”
850 566 864 625 ’.

104 740 235 826 logiam·
248 736 415 808 rie-ilnlml
433 741 574 824 simplici
591 756 751 813 naturaet
767 747 1035 842 immortalium,-

106 860 276 944 adjungam
302 855 448 923 Platonis
476 857 606 942 dialogo
630 858 812 932 Phaedoni:
844 881 1048 953 quem.,.ut.

102 976 216 1055 nosti,
236 975 277 1040 sd
302 971 473 1039 editionem
501 975 657 1040 instrucre
686 979 804 1059 coepi,
827 981 940 1051 deinde
954 989 1021 1057 aliis

103 1092 267 1175 negotiis,
303 1107 335 1154 er
364 1090 419 1156 hia
451 1090 577 1156 duabus
614 1096 788 1174 postremis
820 1096 1029 1170 bibliothec:

102 1211 248 1280 Criticae
264 1208 435 1290 Partibus,
458 1223 489 1273 et
511 1207 660 1277 horribili
680 1212 819 1295 denique
834 1234 962 1285 nostrae
978 1238 1033 1288 uro

108 1327 162 1394 bls
176 1329 266 1396 clade
280 1335 432 1408 meaeque
443 1330 560 1393 domus
580 1327 761 1395 testatione
776 1328 828 1396 dle
844 1332 909 1400 xil
919 1334 1023 1420 Jan'ur·

103 1447 168 1528 rii,
195 1447 297 1532 hujus
323 1443 422 1528 enni,
455 1442 793 1566 intercipientibus,
784 1462 821 1512 ιιι
848 1450 1026 1531 proximum
1051 1506 1060 1555 1

106 1562 209 1630 orium
231 1562 337 1649 rejeci.
549 1574 552 1579 ·
674 1610 677 1615 -
1019 1602 1023 1613 ·
1056 1602 1060 1635 :

145 1678 218 1748 Pil.
242 1678 347 1761 Atqui
372 1677 458 1744 illurn
482 1675 717 1762 Psythologire
734 1693 856 1763 partem
883 1695 962 1749 tunc
982 1684 1023 1749 la«.
1055 1650 1060 1673 ⁴

104 1815 244 1886 gemus,
266 1794 539 1876 quandocumque
567 1811 643 1858 cum
666 1792 834 1861 Phnedone
856 1797 1059 1879 prodierint
1053 1770 1060 1845 ἷ

103 1930 193 1981 nunc
211 1924 316 1976 toturn
332 1908 560 1975 libellum⁰
496 1922 694 1993 cognoscere
709 1909 846 1995 cupiens
863 1914 922 1980 abs
936 1930 1022 1999 repet
1046 1896 1059 2019 2⁴

103 2047 161 2115 to,
183 2045 221 2096 nt
236 2027 315 2094 milri
332 2029 403 2113 elus
421 2026 544 2109 legendi
562 2026 689 2108 copiam
707 2025 822 2096 facias.
1019 2088 1023 2095 .
1048 2054 1059 2177 1

150 2146 211 2213 W.
231 2143 373 2211 [inicum
396 2142 478 2210 milri
493 2157 544 2209 est
560 2144 765 2226 exemplum,
785 2143 887 2228 idque
900 2157 1059 2245 tratum,

105 2263 151 2331 do
175 2260 367 2342 scholisque
394 2257 546 2324 habendis
573 2257 716 2324 attritum
744 2279 783 2326 ac
814 2280 915 2343 pterre
944 2265 1017 2332 lato·
1049 2328 1059 2353 Ι.

103 2392 199 2462 rung
240 2378 333 2461 quod
366 2393 477 2443 vereor
503 2392 545 2442 ne
571 2373 721 2449 manibus
749 2377 862 2460 cupidi
880 2378 1024 2448 lectoris
1053 2448 1059 2471 Ι

102 2496 315 2566 commissum
335 2495 463 2577 penitus
481 2506 667 2562 conteratur
679 2509 710 2559 et
725 2509 845 2576 pereat.
886 2495 948 2562 Sed
964 2517 1024 2580 opu.

104 2630 246 2701 portune
270 2614 303 2676 in
328 2624 464 2674 mentem
493 2607 573 2673 mibi
600 2608 687 2673 venir
704 2608 882 2677 Seboltenli
898 2609 1022 2688 normis.
1040 2666 1059 2703 Α

106 2730 240 2816 quibas
259 2726 385 2794 audivit
403 2725 535 2790 scholas
554 2740 592 2790 ac
605 2722 800 2806 descripsit,
820 2738 877 2807 et,
897 2743 960 2811 qua
975 2737 1020 2793 est
1052 2804 1058 2813 Ι

104 2845 324 2924 humanitate,
346 2859 453 2906 eurum
469 2837 549 2906 Tibi
570 2856 667 2905 usum
688 2839 783 2905 facile
797 2840 1018 2911 commonuit·

146 2959 220 3028 ΡΗ.
241 2958 326 3024 Bene
347 2973 488 3036 mones,
517 2966 549 3021 et
573 2951 711 3024 focitmr
732 2967 766 3021 at
793 2973 882 3022 nunc
911 2958 1012 3025 salum
1054 3028 1058 3045 Ι

105 3072 366 3143 distributionem
391 3088 429 3137 ac
455 3085 561 3155 partes
588 3069 694 3139 totius
723 3071 895 3157 materiae,
917 3090 1015 3143 reeen-

108 3207 189 3260 seas.
246 3212 249 3220 ·

150 3307 209 3374 W.
227 3305 333 3373 Modo
352 3321 509 3389 possem,
530 3301 745 3385 Philalethus,
768 3304 924 3375 lacerent
942 3316 1016 3375 nuni

9 3408 12 3415 ’
106 3439 166 3490 nec
183 3418 370 3505 singillatim
388 3419 433 3484 ita
460 3435 571 3484 omnes
588 3435 626 3482 tx
643 3418 755 3484 ordine
781 3437 888 3502 partes
912 3434 1016 3487 memo·

90 3535 182 3602 ·riter
198 3537 325 3605 reddere
345 3532 527 3602 iucileest:
549 3551 608 3602 nec
625 3536 707 3602 libet
720 3534 756 3603 in
771 3552 929 3622 promptu
952 3547 1012 3613 ert,
1046 3580 1057 3627 ¹

106 3666 145 3717 nt
160 3669 198 3717 ex
217 3652 406 3736 migratione
421 3671 495 3718 curn
512 3652 585 3719 aliis
602 3653 762 3720 confusus
777 3669 809 3720 et
825 3656 940 3724 latens.
968 3648 1019 3751 Nl·
1051 3650 1057 3731 ’ζ

104 3781 183 3833 vero
209 3765 343 3834 omnino
370 3767 513 3845 studium
539 3767 846 3852 festinationemque
870 3788 957 3841 tuam
972 3770 1012 3839 dt·

25 3869 31 3887 ²
108 3881 261 3963 annuam,
284 3883 362 3950 saris
383 3871 504 3966 quaeso
521 3886 637 3954 habeas
663 3905 714 3953 me
731 3891 880 3957 universe
906 3907 937 3960 et
957 3892 1012 3959 bru
1048 3910 1057 3961 ι

113 3996 246 4067 tissime
262 3998 362 4067 libelli
381 4018 567 4090 argumenta
584 4004 795 4091 habitumque
810 3986 1011 4094 significare·
