2362 4936
203 557 232 625 3
482 534 859 627 EPISTOLA

213 751 280 825 qne
308 731 473 822 promisso
507 726 727 811 satlslaelsm,
749 725 819 794 lroc'
840 725 951 813 ipsum
980 744 1084 799 unum
1103 725 1151 801 ad

213 854 265 922 Te
282 853 440 932 scribam,
462 867 512 916 me
529 867 598 917 non
613 848 728 916 habere
742 848 832 932 quod
859 848 1026 917 scribam?
1055 854 1145 923 Aliis

210 976 276 1042 hoc
303 975 348 1040 sit
379 988 597 1053 concessum,
626 990 646 1038 a
677 983 789 1037 nostra
825 968 955 1051 quidem
993 970 1149 1042 abhorret

210 1091 464 1175 coniunctione,
488 1091 543 1158 cui
564 1105 741 1172 numquam
761 1087 814 1154 vel
831 1088 990 1156 sermonis
1007 1094 1059 1158 vel
1076 1096 1149 1177 epi·

196 1209 314 1275 ‚stolae
331 1205 463 1274 materia
478 1202 595 1274 defuit.
640 1203 732 1288 Ergo
756 1215 787 1269 et
807 1203 942 1268 alterum
967 1203 1032 1272 hoc
1061 1209 1145 1276 mihi

211 1341 356 1411 ereptum
381 1339 432 1392 est
456 1322 619 1390 scribendi
644 1337 760 1405 genus.
804 1319 850 1387 Et
872 1333 977 1389 tamen
1004 1298 1149 1394 scribere

210 1459 262 1508 me
278 1440 368 1527 cogit
384 1455 415 1506 et
428 1453 485 1506 tua
499 1437 651 1504 voluntas
670 1450 702 1503 et
721 1454 788 1501 mea
800 1433 890 1506 fides.
914 1435 1059 1522 Ecquod
1070 1458 1143 1509 tan·

211 1559 283 1625 dem
299 1556 396 1625 nobis
411 1569 633 1641 argumentum
662 1553 837 1636 superest?
860 1552 1014 1639 Superest
1039 1575 1143 1629 unum

207 1690 319 1755 certe,
340 1675 439 1758 idque
458 1673 589 1741 minime
608 1685 702 1740 tenue
719 1687 776 1740 aut
792 1672 874 1740 leve.
908 1670 964 1738 Tu
979 1673 1071 1759 ipse,
1096 1677 1144 1744 mi

205 1788 359 1872 Heusde,
382 1790 439 1856 Tu
464 1787 544 1857 mihi
570 1787 670 1874 hujus
693 1787 850 1872 epistolae
882 1787 944 1853 eris
973 1807 1143 1872 argumen-

210 1920 296 1975 tum.
343 1905 393 1972 Te
410 1924 512 1989 quum
530 1905 627 1988 dico,
648 1907 724 1973 dico
745 1905 910 1990 ingenium
932 1906 1141 1990 animumque

206 2033 322 2103 tuum,
346 2023 421 2089 dico
449 2040 625 2088 commune
648 2033 797 2088 nostrum
824 2020 1020 2104 optimarum
1048 2020 1141 2086 Lite·

205 2155 313 2204 rarum
334 2151 366 2204 et
381 2137 525 2204 Platonis
555 2136 718 2206 studium.
762 2135 896 2222 Quibus
919 2139 959 2205 de
974 2137 1068 2203 rebus
1082 2155 1140 2202 co·

206 2253 323 2338 gitanti
359 2255 512 2338 quamvis
536 2253 693 2323 indiserto
725 2256 819 2335 copia
847 2252 1007 2319 scribendi
1030 2252 1141 2318 deesse

202 2382 357 2451 nequeat.
401 2369 479 2457 Quo
505 2368 625 2435 certius
655 2368 720 2432 hoc
744 2368 807 2433 mei
830 2368 869 2433 de
886 2367 937 2433 Te
954 2368 1069 2456 judicii
1082 2371 1140 2436 do·

122 2498 140 2553 ·,
203 2497 392 2553 cumentum
417 2483 497 2550 Tibi
523 2485 665 2552 accidere
693 2486 808 2568 debet;
840 2487 950 2567 quod,
975 2507 1076 2569 quum
1099 2492 1143 2558 li·

100 2672 103 2678 ,
203 2598 257 2666 bri
285 2601 335 2665 tui
362 2599 493 2663 ubertas
519 2597 598 2661 milri
618 2598 658 2663 de
681 2602 786 2664 eadem
803 2618 838 2666 re
853 2601 949 2668 docte
961 2603 1141 2675 disserendi

200 2711 392 2781 facultatem
411 2709 644 2794 praeripuerit,
668 2714 775 2778 malim
801 2702 967 2786 indoctius
982 2734 1014 2786 et
1030 2741 1139 2792 aman.

200 2831 294 2912 tius,
316 2829 523 2912 inelimata
549 2829 603 2900 eal
630 2835 849 2917 Φιλικώτερον,
871 2851 968 2916 quam
993 2835 1077 2903 nihil
1098 2841 1139 2907 ad

199 2948 253 3021 Te
269 2949 421 3018 scribere.
464 2984 468 2993 ·
579 2975 585 2983 ¹

244 3066 363 3135 Sextus
379 3067 433 3134 hic
447 3083 553 3135 annus
567 3081 618 3134 eat
636 3086 709 3135 curn
733 3070 772 3136 ad
787 3087 837 3137 me
854 3070 1134 3142 Amstelodamum

144 3238 147 3243 .
198 3183 322 3253 venisti
341 3183 493 3251 incensus
523 3185 635 3253 studio
656 3185 857 3270 Literarum,
880 3192 1058 3257 earumdem
1077 3213 1134 3262 co·

198 3300 346 3388 gnicione
378 3320 542 3385 sensuque
577 3305 644 3390 iam
678 3305 825 3373 imbutus
851 3305 1072 3373 Rotterodami
1098 3310 1132 3375 in

201 3419 315 3487 schola
332 3419 391 3487 Cl.
409 3418 564 3504 Nodelli,
588 3422 842 3506 elegantissimae
861 3422 1026 3489 doctrinae
1047 3422 1129 3490 viri:

196 3536 392 3604 ostendebas
422 3535 472 3602 Te
491 3534 638 3602 Platonis
662 3555 771 3605 amore
797 3550 954 3619 captum,
978 3535 1017 3602 ad
1033 3537 1130 3621 cujus

195 3650 441 3737 intelligentiam
462 3663 501 3716 ut
526 3648 605 3716 Tibi
628 3652 758 3738 adjutor
777 3669 904 3734 essent,
928 3650 1061 3716 candide
1076 3669 1128 3714 me

194 3771 408 3851 modesteque
438 3767 587 3852 rogabas.
632 3767 707 3835 lloc
733 3769 873 3853 primurn
898 3765 978 3834 milti
1004 3785 1129 3832 novum

196 3903 231 3954 et
259 3887 515 3968 inexspectatum
551 3886 738 3968 accidebat,
772 3887 1004 3954 adolescentem
1031 3884 1128 3950 modo

192 4021 235 4073 ex
251 4002 367 4088 puerili
394 4001 565 4086 disciplina
584 4005 816 4086 prodeuntem,
845 4003 991 4071 Platonis
1013 4013 1045 4066 et
1070 4020 1129 4067 co·
1152 4059 1154 4064 .

196 4114 344 4205 gnitione
366 4116 504 4187 tinctum
530 4132 563 4186 et
587 4118 698 4188 studio
726 4120 909 4206 ardentem,
938 4120 979 4188 ad
1003 4136 1053 4184 me
1073 4133 1131 4179 ve·

1078 4250 1132 4298 nr·
