2362 4936
205 601 248 687 pr
489 590 863 669 sorssors

203 780 279 850 aliis
304 778 514 863 nominihus,
538 800 649 850 omnes
672 782 805 851 deorum
831 784 955 867 instar,
978 784 1136 862 colossus

203 911 274 973 tur.
317 896 382 964 Sed
408 911 473 963 erat
488 898 565 965 haec
585 897 739 965 divinitas
757 898 939 968 brevissimi
956 906 1135 989 temporisa

204 1016 331 1104 dejecto
350 1009 457 1097 priore
467 1009 549 1095 deo,
566 1030 673 1081 novus
689 1009 919 1093 inducebaturs
938 1019 1016 1102 qui,
1032 1041 1140 1103 quum
1164 1047 1169 1060 ¹

203 1147 295 1197 suam
323 1140 457 1194 aetatem
493 1129 711 1211 explevisset,
745 1129 823 1196 irem
847 1133 1015 1216 desertus,
1045 1154 1138 1205 novo

201 1243 276 1328 ipse
300 1245 360 1312 deo
385 1244 495 1311 locunt
522 1242 612 1312 lecit.
657 1244 703 1311 Et
721 1247 900 1314 recentiore
924 1267 1004 1318 aevo
1026 1252 1139 1321 eadem

181 1353 338 1444 fabula,
361 1361 433 1427 aliis
453 1362 640 1440 actoribus,
671 1362 824 1446 deinceps
842 1366 974 1447 repetita
991 1381 1061 1437 est:
1087 1370 1141 1437 vi·

202 1477 321 1551 derunt
344 1477 484 1542 eamdem
513 1476 563 1561 agi
585 1477 720 1561 majores
737 1476 860 1560 nostri,
875 1479 1026 1547 ,vidimus
1047 1483 1135 1566 ipsi,

200 1595 360 1667 videbunt
379 1593 514 1675 posteri.
570 1593 773 1677 spectatores
796 1596 969 1677 prudentes
988 1597 1136 1667 fabulam

199 1715 252 1799 agi
272 1712 399 1777 sciunt:
424 1709 666 1793 imprudentes,
688 1725 853 1794 tamquam
875 1712 989 1795 puerili
1009 1714 1044 1782 in
1063 1734 1136 1783 sce·

197 1843 264 1903 na,
286 1842 390 1890 veram
407 1842 470 1891 rem
487 1825 593 1892 videre
606 1843 641 1891 se
663 1837 805 1909 putant,
828 1843 1021 1909 moventur,
1044 1828 1137 1897 insa·

199 1939 320 2022 niunt,
351 1939 490 2004 clamant
515 1955 602 2005 nunc
625 1937 751 2004 dentum
775 1937 942 2006 veritatem
965 1954 1134 2022 ostensam

196 2054 457 2141 patefacttmque
480 2071 646 2137 apparere.
701 2053 792 2120 Adeo
823 2071 935 2120 verum
963 2055 1136 2139 estquod

197 2170 282 2236 dixit
299 2169 419 2236 Cicero
443 2167 483 2234 de
500 2167 659 2251 historia,
682 2187 751 2233 eam
773 2172 916 2250 nescire,
938 2166 1022 2234 idom
1040 2189 1131 2252 esso,
1175 2175 1177 2178 ’

197 2305 239 2351 ac
257 2300 379 2372 semper
396 2304 460 2350 osse
469 2299 624 2371 puerum.
670 2281 714 2348 Et
730 2280 788 2349 isti
806 2281 939 2350 omnino
956 2281 1137 2366 dupliciter

194 2400 313 2486 pueri,
336 2412 374 2463 ut
398 2398 433 2465 in
457 2394 632 2481 proverbio
655 2409 727 2477 est,
748 2377 945 2477 deserite,
967 2395 1136 2480 reperiun-

25 2556 27 2563 ι
80 2523 84 2529 ’
195 2530 265 2585 tur.
307 2516 474 2596 Primum,
497 2513 664 2580 historiam
678 2513 865 2597 ignoranter
879 2508 1137 2595 philosophiae,

194 2648 215 2698 a
235 2628 432 2695 novissimae
457 2627 621 2710 cujusque
650 2639 755 2689 sectae
781 2639 910 2690 auctore
933 2621 1130 2707 capiuntur'r

195 2732 330 2821 deinde,
350 2738 461 2825 prouti
478 2741 627 2823 pueruli,
640 2739 804 2807 simiarum
819 2739 939 2823 instar,
953 2741 1041 2808 viros
1053 2739 1133 2808 imi·

196 2873 333 2939 tantur,
355 2855 403 2947 sic
421 2855 477 2924 isti
501 2856 590 2922 illius
606 2857 750 2924 auctoris
767 2856 861 2925 uerba
877 2875 1021 2942 crepant.
1064 2859 1134 2928 Sed

193 2977 331 3045 missum
353 2968 511 3040 faciamus
527 2974 617 3040 istud
639 2975 847 3041 imitatorum
870 2994 998 3041 servum
1016 2966 1130 3063 pecus.

239 3091 414 3158 Videamus
430 3090 633 3174 peculiariter
652 3091 691 3158 de
709 3089 951 3174 scriptoribus,
975 3093 1033 3175 qui
1051 3108 1132 3162 ante

193 3222 227 3278 et
248 3219 328 3291 post
353 3190 690 3274 Platonem'fuerunt.
733 3207 851 3274 Adhuc
869 3208 997 3288 quidem
1016 3224 1132 3291 poste·

192 3324 263 3394 tius
281 3320 383 3407 magis
399 3298 521 3406 gertus,
544 3335 582 3389 ut
599 3321 769 3404 copiosius
791 3337 822 3389 et
844 3324 1010 3406 paratius,
1034 3321 1130 3390 aditi.

191 3426 298 3523 hitum
321 3451 396 3518 est,
426 3454 500 3503 curn
529 3456 547 3503 a
572 3435 731 3520 criticis,
760 3451 829 3504 tum
857 3436 1126 3520 aPhilosophis.

189 3553 294 3637 Nosti
317 3554 400 3620 enim
425 3565 549 3635 quanto
571 3553 684 3620 studio
704 3568 833 3636 postera
860 3551 966 3619 omnis
994 3552 1123 3618 erudita

190 3659 389 3741 Graecorum
408 3665 669 3749 Latinorumque
693 3681 778 3733 aetas
798 3666 909 3751 legerit
933 3664 1129 3748 tri'veritque

190 3781 315 3865 scripta
332 3781 495 3850 Platonis:
516 3800 583 3849 non
603 3783 699 3849 modo
716 3781 860 3849 omnium
875 3795 1032 3848 sectorum
1047 3781 1130 3847 Phi*

189 3870 348 3981 losophi,
377 3897 433 3963 sed
460 3895 695 3979 Grammatiei,
724 3896 905 3977 Rhetores,
935 3894 1127 3981 Historici,

189 3996 370 4097 caeterique
386 4031 521 4092 omnes,
544 4025 581 4077 ut
598 4012 738 4096 quisque
763 4011 896 4078 maxime
915 4011 1041 4078 dicendi
1063 4031 1124 4079 co·

191 4102 379 4223 mundique
392 4126 578 4219 elegmdan
596 4125 853 4198 consectabatur.
881 4123 991 4194 Habes
1008 4125 1043 4194 in
1054 4143 1128 4192 ma-

1068 4239 1128 4316 nir
