2362 4936
99 594 174 683 ‚go
287 590 291 597 ·
393 573 762 653 trunontn·
848 634 852 643 .

103 777 279 851 mndrtunt
291 769 420 854 ,legum
436 765 631 834 neniarum
643 813 655 846 ‚
664 764 892 852 iurispubllcl
904 779 935 833 et
950 778 997 851 geo

101 897 209 976 rium,
238 885 429 975 prudentiae
457 885 585 954 civilis.
633 882 749 950 liortns
775 898 808 951 et
833 885 916 954 ratio
939 883 992 950 fuit

105 1012 214 1098 qualis
229 1009 250 1074 i
264 1005 360 1074 nobis
376 1003 532 1069 declarent
549 1015 601 1068 est
617 1002 651 1067 iri
661 1001 808 1069 Censura
824 1001 999 1087 Scriptores

105 1128 147 1194 de
174 1124 270 1191 rebus
301 1117 499 1199 Alexandri,
530 1114 754 1183 Bibliothecae
776 1117 919 1185 criticae
939 1116 999 1185 Part

104 1237 179 1324 ΣΙ,
200 1254 238 1325 p.
259 1254 342 1326 t4a‚
365 1232 488 1300 ubisit
505 1230 666 1298 diximusr
716 1277 737 1313 „
759 1230 833 1298 Nos
851 1247 888 1298 ut
903 1233 937 1300 in
953 1234 999 1316 qui

105 1357 241 1431 busdrtn
258 1353 343 1422 loeis
358 1350 397 1417 ab
416 1361 547 1417 auctore
561 1347 796 1429 dissentimus,
818 1348 862 1416 ita
883 1351 999 1416 univers

104 1491 180 1540 euru
213 1484 327 1537 omncs
358 1462 508 1530 historici
542 1461 681 1528 muneris
713 1474 819 1543 partes
851 1463 999 1544 expletur

103 1587 299 1675 judicamus.
349 1576 442 1644 litut.
460 1592 493 1642 et
516 1575 664 1642 mrterhe
684 1577 841 1643 collectae
862 1590 949 1644 nott
977 1597 1000 1645 ra

105 1703 227 1786 copia,
255 1714 292 1766 ut
317 1696 431 1764 nulius
452 1693 632 1761 acoemioni
654 1695 787 1797 relictus
812 1692 957 1760 rideatur
977 1699 1000 1763 lo

105 1834 191 1902 cus,
220 1830 252 1884 et
271 1815 365 1897 qussi
384 1811 554 1878 thesaurus
582 1810 632 1877 sit
656 1810 811 1878 historiae
843 1812 1000 1879 Alexandri

105 1937 220 2006 mulius
237 1932 294 2016 qul
310 1931 350 1998 sd
360 1944 428 1995 erm
444 1925 602 2011 pertineat
617 1925 742 2006 homo,
760 1927 878 2011 loeus,
900 1929 1000 1995 nullut

105 2049 253 2131 factum,
277 2059 395 2132 opus,
410 2060 561 2127 ternpus,
584 2044 674 2109 nuiit
696 2063 747 2110 res
768 2060 800 2109 et
815 2046 925 2129 ectio,
945 2047 1000 2114 nuli

108 2169 304 2254 cuiusquam
321 2161 493 2246 scriptoris
508 2160 629 2228 tuentio
639 2160 854 2229 desideretura
868 2163 1001 2231 sodonni

102 2286 174 2353 hus
193 2283 287 2350 etiam
303 2277 520 2364 scriptoribus
537 2277 783 2361 percensenda,
805 2283 947 2348 omniun
962 2297 1001 2347 sat

105 2403 260 2468 cuiotutn
277 2411 310 2464 et
328 2408 467 2463 aetatum
484 2395 623 2461 uirtutes
639 2394 782 2477 vitiaque
798 2412 960 2464 notentur.
981 2395 1001 2462 u

105 2499 276 2581 materiam
296 2512 392 2595 quasi
415 2511 555 2598 spiritur
574 2511 664 2575 intur
688 2508 774 2591 air'r,
795 2524 893 2595 atquc
918 2511 1001 2580 attint

105 2630 359 2706 distributione,
381 2624 529 2710 judicio,
551 2624 695 2707 ratione,
716 2642 816 2693 sensu
842 2624 1001 2714 magnitud

104 2743 161 2811 nls
179 2738 426 2821 ethonestatis,
452 2757 489 2805 ac
519 2739 673 2824 religione
700 2744 937 2829 reverentiaque
958 2762 1001 2810 nu

106 2859 195 2928 neris
219 2848 385 2924 historicis
416 2855 599 2938 horumque
620 2858 840 2940 cogitatorum
867 2863 1002 2929 dirertte

109 2978 201 3066 gravi
218 2962 470 3042 declarttlone.⁵'
512 2973 613 3061 Quod
635 2973 668 3040 in
688 2977 880 3057 quibusdam
897 2978 972 3046 iocis
984 2976 1002 3043 ri

108 3109 240 3162 auctore
250 3090 421 3157 dissentire
432 3108 495 3156 nos
514 3089 678 3170 diximus,
694 3089 890 3160 referebatur
899 3094 937 3162 ad
952 3093 1002 3158 lun

105 3211 298 3279 editionem:
325 3209 359 3274 in
375 3226 440 3290 qur
457 3204 644 3289 frequenter
663 3207 772 3273 iaudat
787 3207 881 3277 effstr
899 3208 1002 3277 Bossu

108 3327 234 3421 tli„de
257 3318 405 3392 Historia
424 3316 582 3388 rhetorice
600 3322 704 3406 tnagis
724 3341 821 3405 qtrom
843 3325 954 3392 critice
968 3323 1003 3390 dit

106 3440 266 3522 serentis,
283 3451 317 3505 et
331 3436 488 3523 judicium
508 3435 664 3520 religione
681 3440 900 3521 occupantirr
923 3454 955 3506 et
967 3454 1003 3504 nt

107 3559 231 3647 iorem,
256 3572 352 3638 quatu
369 3568 460 3622 auter
475 3553 603 3622 Camoni
623 3551 789 3621 silebraico
813 3557 1003 3623 auctoritate

107 3671 373 3754 chronologicum
393 3671 530 3734 tribuit:
553 3668 587 3734 in
611 3687 678 3750 quo
695 3669 771 3734 item
789 3669 1003 3738 Letehcrutn¹

109 3782 336 3851 Villoisonum
352 3802 409 3866 per
419 3782 547 3850 civilem
564 3784 651 3851 illam
670 3786 918 3856 conversionem
935 3803 1003 3855 mut

109 3893 395 3985 toscogoorimus.
420 3899 600 3969 Villoisoni
616 3902 742 3969 obitum
758 3903 1003 3974 contiuuodoie

75 4112 78 4117 ⁵
108 4037 158 4088 ter
172 4031 377 4099 amanterque
394 4017 475 4083 mibi
492 4018 681 4102 perscripsit
700 4037 785 4085 anno
804 4019 1004 4089 Mucccrt

108 4143 149 4210 de
174 4158 291 4211 uuest
315 4137 422 4207 morbi
452 4140 626 4224 prudenter
660 4154 692 4206 et
729 4140 856 4209 utiliter
889 4145 1004 4212 monui

971 4277 1001 4324 m
