2362 4936
256 578 717 705 -Bauaedtu
926 600 980 719 Q

49 776 197 875 maian
216 776 405 885 aubateitr
434 777 832 862 Caeterum,.atudinmnr
857 775 971 867 indue,

48 902 294 999 mentesanae,
310 911 437 991 praeter
452 897 627 967 lindenaet
643 898 728 966 vitae
750 904 940 979 suavitatem
950 950 971 990 ‚

51 1004 126 1089 ianne
139 996 172 1085 in
186 1013 311 1098 primis
327 1011 469 1120 lru'etum
487 1012 685 1099 percipiebat
697 1054 710 1099 ·‚
720 1021 809 1100 quod
826 1039 875 1089 tes
890 1040 968 1093 auen

51 1134 278 1207 minuentem
307 1129 558 1209 mediocritatem
585 1132 807 1219 restituisset²
841 1136 876 1204 in
901 1154 969 1221 qn„⁴

49 1249 84 1317 'ed
102 1250 171 1317 aliis
195 1249 284 1325 bene
317 1244 499 1317 faciendum
533 1249 692 1318 voluntati
728 1248 869 1321 facultas
896 1272 965 1325 non

49 1367 174 1435 deese.
217 1364 299 1433 Fuit
314 1365 397 1435 enim
419 1367 453 1435 ln
474 1366 550 1451 lpsn
564 1366 692 1435 animus
719 1368 906 1451 beneficus,
927 1364 967 1439 ii·

50 1468 182 1563 buada,
199 1482 240 1553 ab
258 1480 446 1551 adulatione
463 1481 584 1553 alienus
594 1528 610 1565 ,
632 1496 754 1565 etcum
772 1484 868 1571 libera
882 1503 963 1553 cnu*

49 1594 201 1683 umen,
222 1600 325 1687 magia
342 1603 393 1669 sul
411 1601 523 1687 judicii
538 1617 658 1682 tenax,
680 1620 774 1685 quam
798 1602 894 1671 alieni
916 1620 966 1670 ee·

53 1726 148 1807 puer.
189 1712 238 1785 lta
263 1716 396 1801 factus,
418 1720 529 1804 etjam
554 1719 587 1787 in
613 1720 846 1789 Burmannlana
867 1719 966 1791 disci.

54 1821 344 1923 plintabalieuatua
361 1853 380 1901 a
399 1834 546 1920 partibus
569 1853 705 1919 eorum,
728 1832 786 1922 qui
810 1834 966 1920 reipubli-

56 1962 110 2015 cae
130 1946 340 2032 gubernacula
363 1948 533 2032 tenebant,
555 1952 723 2019 accedente
741 1950 964 2037 indignatione

51 2064 241 2147 repulsarum
282 2078 316 2131 et
353 2066 502 2148 deceptae
534 2068 605 2150 apel
636 2046 825 2150 fauturum,
862 2069 964 2153 magia

53 2181 142 2247 enan
169 2182 361 2251 adueraarias
384 2201 489 2265 partes
513 2199 645 2253 secutus
668 2201 730 2257 est.
780 2184 897 2267 Neque
918 2197 965 2257 tc·
1059 2174 1062 2179 ⁴
1116 2162 1120 2177 Ι

58 2310 128 2363 men
148 2296 251 2366 minua
271 2293 374 2382 vulgo
398 2298 438 2364 ab
467 2300 618 2369 omnibus
652 2302 854 2386 diligebatur.
896 2301 965 2383 Rea

61 2412 609 2498 mutataestineuntean1101795‚
631 2433 696 2480 non
725 2419 830 2482 aolutn
855 2417 965 2498 publia

62 2544 97 2596 ca
115 2532 270 2614 universe,
292 2532 349 2598 sed
364 2539 396 2595 et
412 2531 535 2614 privata
554 2530 754 2613 peculiariter
771 2534 958 2598 multorum.

62 2629 218 2714 Santmiua
247 2666 266 2714 a
295 2659 353 2711 aua
380 2656 488 2726 aecta,
518 2649 581 2731 jann
606 2646 759 2727 victrice,
782 2649 815 2714 ln
840 2666 962 2718 novum

10 2768 13 2849 l
67 2759 196 2830 Senatum
218 2763 406 2830 Leidensem
430 2764 554 2844 lectus,
577 2764 663 2831 etin
689 2740 838 2848 Colleg'io
858 2764 962 2831 Cura·

10 2856 14 2929 ἱ
67 2890 157 2947 tntum
172 2882 362 2949 Academiae
385 2881 583 2945 constitutus
597 2892 659 2946 est.
702 2877 795 2946 Hanc
811 2882 849 2946 ad
865 2897 964 2946 auum

73 2997 204 3080 judicium
230 2997 403 3065 reformare
429 2997 625 3078 instituens,
645 2997 684 3061 de
709 2998 805 3061 rebus
827 2995 966 3062 homini·

10 3096 12 3105 ¹
76 3106 184 3197 buaqtn
203 3106 369 3182 nonnullis
394 3115 505 3179 danus
531 3113 727 3192 consulens,
748 3110 965 3194 complurium

76 3231 152 3294 ctiam
163 3245 234 3296 suae
249 3241 356 3296 aeetae
371 3227 536 3293 hominurn
549 3226 671 3291 animos
682 3223 827 3292 offendit.
841 3226 964 3311 Quam·

73 3359 149 3422 quam
167 3344 229 3411 fuit
245 3344 323 3410 haec
339 3356 484 3408 nontam
501 3343 604 3424 ipsius
624 3341 747 3423 culpa,
770 3359 863 3422 quam
883 3357 962 3406 tem·

73 3474 186 3541 purum:
211 3478 350 3548 quotum
369 3473 455 3525 tanta
471 3473 534 3524 erat
551 3460 624 3538 vis,
644 3473 682 3523 ut
706 3475 772 3523 non
791 3459 887 3523 nodo
906 3457 966 3521 iro·

73 3579 156 3647 niuea
180 3582 221 3649 ab
243 3581 317 3646 aliia
332 3579 437 3657 alios,
459 3575 550 3640 etiam
573 3572 877 3661 conjunctissimos,
900 3573 968 3640 dis·

75 3691 236 3781 iungerent:
267 3694 325 3762 aed
354 3693 492 3777 siugulis
520 3705 652 3775 quoque
683 3708 816 3757 errorem
849 3693 967 3778 objice·

79 3825 152 3893 rent,
169 3832 222 3880 ena
239 3811 305 3878 sibi
325 3810 407 3894 ipsiu
423 3807 610 3890 dissimiles,
632 3826 671 3873 ert
694 3807 827 3875 mitibus
846 3811 965 3891 durna,

76 3926 247 3998 eximium
279 3945 413 4011 asperos
442 3925 615 3991 redderent.
665 3920 825 4005 Tempora
854 3938 967 3988 rutsua

76 4046 213 4136 mitigata,
243 4066 281 4118 ut
304 4066 393 4117 nunc
419 4058 514 4125 sunt,
544 4062 614 4108 curn
641 4059 756 4125 sponte
775 4045 815 4109 ad
841 4055 970 4108 naturae

78 4172 139 4229 luae
156 4164 326 4235 laenitatem
344 4161 607 4240 clementiamque
628 4159 841 4261 reduxiaaent.
880 4155 966 4221 Nam

525 4272 593 4342 Fa
652 4330 658 4347 ,
912 4280 973 4341 nee
