2362 4936
142 588 207 681 ⁵⁸⁸
364 556 839 653 otsrurnr'r'o

8 786 80 863 ῥα,-
97 802 132 857 v,
146 790 258 841 minse
276 768 495 856 gubernantur
513 787 532 834 t
550 764 672 836 Divisi
687 766 922 853 Providentii,
942 776 1048 855 omels

1 870 84 925 Μ’·
147 888 263 979 primis
284 898 394 950 surim
413 899 450 945 sc
472 881 605 945 tutelun
625 897 738 945 eorum
759 882 872 964 gerit,
893 882 948 964 qui
964 884 1051 953 inlu

149 1013 220 1080 viti
246 1004 383 1073 Verittti
409 1021 446 1066 sc
461 1000 588 1065 Virtuti
611 998 827 1068 studuerunt.
868 1000 932 1089 Qui
947 1002 1053 1084 quiden

38 1150 42 1155 ·
82 1164 90 1175 -
148 1118 228 1194 l'rssc
249 1123 335 1188 bont
358 1130 438 1202 post
453 1114 617 1199 Corporis
639 1130 776 1183 mortem
807 1114 1056 1199 constipentur!⁸

148 1238 258 1309 Habet
274 1233 409 1304 omnino
426 1232 672 1318 Argumeutttio
690 1248 847 1320 megnsm
862 1224 1057 1299 muluilltu·

150 1354 271 1421 dinem.
318 1438 325 1445 ἱ
704 1374 707 1379 ·
751 1372 755 1379 ·

197 1469 339 1537 Secundi
356 1463 556 1552 argumenti
567 1451 644 1530 lrse'e
661 1477 712 1531 est
731 1462 815 1549 vis,
839 1476 876 1531 ut
893 1482 931 1530 α
945 1482 1060 1547 compt-

146 1588 281 1657 'rctione
296 1585 463 1666 omnium,
482 1598 563 1667 quac
579 1582 611 1647 in
627 1586 745 1649 ntturi
756 1580 866 1665 liunt,
876 1580 1062 1660 ostenditur,

156 1718 290 1777 mortem
310 1720 378 1770 non
396 1720 466 1770 csse
482 1698 650 1767 transitum
667 1698 699 1763 in
717 1698 888 1779 nihilum,
909 1696 1059 1763 tuusne·

156 1816 239 1885 itum
258 1815 292 1882 in
314 1814 412 1880 ulium
435 1827 568 1881 stitum.
612 1808 724 1895 Hujus
755 1810 895 1879 rationis
916 1808 1061 1879 matun

157 1933 283 2019 egregie
305 1930 467 2016 perspexit
498 1945 593 2014 atque
615 1929 775 2011 explicuit
807 1930 1062 2009 Mendelsoirnus,

12 2056 19 2065 “
158 2032 419 2133 eleguntlssimu's
442 2032 685 2132 philosophus,
707 2045 744 2113 in
766 2046 885 2114 libello
900 2048 940 2114 dc
957 2044 1064 2113 Inmor-

159 2164 304 2245 ttlitate‚
326 2162 506 2231 Phaedonls
527 2162 656 2230 nomine
674 2162 856 2245 sppellcto.
887 2162 971 2229 Nam
984 2176 1060 2247 quum

162 2278 270 2343 omnis
294 2278 328 2343 ln
354 2295 458 2342 return
484 2278 600 2344 maturi
621 2276 761 2344 mutatio
788 2276 850 2345 iiut
878 2280 1062 2362 psulttimtt

147 2392 372 2459 'successione
397 2392 573 2475 graduum
605 2391 743 2456 mutstlo
769 2393 903 2474 quidem
926 2412 981 2475 cs,
1004 2408 1062 2475 qus

161 2506 200 2575 lit
225 2509 350 2576 cxviii
373 2508 407 2575 lu
431 2522 589 2589 mortem,
611 2508 645 2575 id
661 2519 731 2591 est,
755 2524 797 2574 ex
819 2528 859 2575 re
874 2508 908 2576 in
931 2498 1061 2587 sibilus,

161 2640 230 2691 nou
247 2622 286 2688 iit
304 2623 510 2689 successione
533 2624 715 2707 ¹graduum:
738 2637 771 2688 et
790 2626 1001 2706 quantumvis
1017 2638 1061 2691 ten

162 2741 321 2821 minues,
351 2757 474 2823 semper
502 2741 617 2806 eodem
646 2737 823 2811 intervallo
860 2760 879 2807 a
909 2742 1009 2811 nihilo
1032 2739 1064 2807 li·

164 2853 278 2924 struit.
322 2854 426 2938 igitur
451 2854 591 2922 Animus
618 2869 751 2923 nstune
772 2854 903 2925 vinum
928 2854 1064 2941 exstingui

162 2971 288 3053 nequit.

149 3088 155 3099 '
207 3090 354 3157 Tertium
375 3102 631 3174 superstructum
646 3105 695 3159 est
707 3092 846 3161 duobus
862 3089 1064 3167 fondumentis,

153 3214 254 3277 'terto
273 3222 305 3274 et
323 3207 458 3275 incerto.
482 3206 618 3275 Certum
636 3223 686 3275 est
704 3225 737 3276 et
753 3229 772 3277 s
788 3208 985 3295 Philosophlt
997 3219 1060 3270 cum

165 3322 339 3390 Veteribus
359 3337 426 3389 tum
446 3321 694 3389 Recentioribus
709 3326 906 3408 probaton,
921 3322 954 3389 in
965 3319 1063 3388 murs

9 3430 21 3445 '
50 3432 71 3469 ·'
152 3438 214 3509 'nil
234 3457 355 3506 novum
383 3438 459 3503 oriri
477 3457 535 3504 nec
554 3440 684 3505 interire
703 3440 907 3526 quidquem
926 3438 1062 3508 interitus

31 3580 64 3591 ··
167 3568 201 3628 et
223 3570 330 3622 ortum
359 3570 426 3620 non
453 3553 521 3620 fieri
547 3574 585 3621 ex
614 3555 718 3622 nihilo
745 3572 779 3622 tt
806 3547 1063 3637 innilrllum,tti

157 3668 410 3754 'compositione
439 3688 476 3736 re
494 3659 714 3737 dissolutione
734 3673 889 3754 partium.
932 3670 1060 3740 lucum!

168 3798 241 3864 est,
256 3782 394 3848 Animos
408 3801 520 3857 omnes
537 3784 602 3871 jtm
616 3799 707 3852 tutes
723 3782 833 3853 fuisse
850 3804 943 3872 quam
960 3782 1058 3853 locu·

151 3904 249 3989 'port
268 3900 434 3984 venirent,
456 3904 514 3968 riec
540 3905 590 3968 vei
609 3902 658 3969 slr'
675 3904 750 3987 ipso
774 3902 849 3973 Deo
872 3904 965 3972 tresri
980 3912 1056 3969 notu

156 4000 333 4098 ¹Animos,
353 4034 411 4082 nec
428 4017 565 4084 existere
584 4019 717 4100 quidem
736 4019 972 4105 compositione
986 4026 1055 4083 stlt-
1100 4089 1106 4104 ,

151 4116 246 4209 'ilie
294 4130 358 4201 Sed
371 4130 532 4221 Animos,
551 4132 580 4201 si
597 4128 727 4224 quidem
743 4132 846 4208 ruso
857 4148 992 4208 creentur
1001 4141 1053 4199 tol·
1098 4106 1106 4136 ⁴

206 4252 210 4259 ·
1024 4236 1050 4305 ti·
