2362 4936
183 541 234 633 ts
407 482 835 624 -aiisuont

187 735 346 820 Divinis.
366 735 551 821 Humanis,
573 736 717 819 Animo,
739 737 947 823 Corporibus
973 753 1006 814 et
1020 742 1120 810 coni*

186 868 287 928 mune
324 853 571 921 fundamentum
615 852 853 939 Metaphysica.
902 858 1049 927 Platonis
1079 861 1124 928 de

188 973 401 1064 philosophia
428 972 602 1040 sententias
627 989 775 1054 quasque
807 971 842 1038 in
869 973 930 1040 hos
946 975 1040 1041 iocos
1067 975 1122 1040 dis

190 1108 302 1181 geret:
331 1086 468 1172 expletis
502 1087 641 1174 singulis
676 1086 780 1168 locis,
811 1088 986 1156 sententias
1017 1088 1122 1157 iniis

190 1218 325 1277 notatas
356 1205 439 1272 iuter
472 1222 507 1270 se
537 1202 763 1286 comparabit,
794 1201 986 1286 ordinabit,
1016 1219 1048 1271 et
1081 1200 1125 1270 a‘d

135 1305 142 1315 ”
191 1323 364 1408 quamdam
392 1320 556 1387 doctrinae
588 1319 744 1386 rationem
768 1318 934 1401 disponet,
979 1318 1124 1402 Reliqua

191 1439 325 1510 materia
353 1440 554 1523 multiplex,
579 1455 638 1506 nec
665 1439 773 1506 solum
807 1442 965 1521 caeteras,
997 1444 1127 1522 praeter

81 1534 87 1553 ι
190 1556 459 1644 philosophiam,
482 1555 694 1639 disciplinas,
718 1555 774 1622 sed
798 1572 925 1622 omnem
950 1554 1123 1624 historiam

194 1688 230 1739 et
253 1668 482 1753 antiquitates,
505 1670 650 1737 omnium
674 1670 708 1737 in
732 1670 821 1737 omni
847 1670 915 1736 vita
939 1683 1044 1738 terum
1070 1693 1128 1740 va·

195 1786 365 1868 rietatem,
396 1804 580 1868 sacrarum,
609 1786 787 1872 civilium,
818 1789 1035 1872 bellicarum,
1067 1791 1126 1857 do·

196 1903 428 1984 masticatum,
455 1902 703 1985 complectitur:
736 1920 818 1984 quae
838 1902 929 1986 ipsae
943 1903 979 1970 in
1000 1905 1124 1971 Excer-

196 2018 265 2106 ptis
290 2037 353 2086 suo
375 2036 523 2102 quaeque
546 2018 621 2084 loco
640 2018 800 2084 notandae
821 2024 912 2084 sunta
956 2015 1049 2084 Hanc
1063 2036 1123 2103 ego

169 2141 355 2210 mtionem
390 2141 426 2208 in
458 2140 591 2207 Platone
621 2139 703 2205 mihi
732 2142 926 2223 sequendam
958 2141 1128 2227 designavi

202 2258 344 2326 breviter
370 2258 577 2326 adolescens:
600 2272 715 2342 postea
741 2258 774 2327 in
797 2259 971 2327 Plutarcho
1000 2259 1129 2329 iactita-

198 2374 235 2441 vi
246 2394 268 2456 ,·
280 2388 347 2442 non
364 2374 434 2442 sine
452 2389 569 2459 magno
588 2393 658 2442 mco
675 2374 803 2457 quidem
826 2374 952 2442 fructu.
995 2376 1046 2444 De
1063 2392 1129 2445 uno

199 2494 298 2561 etiam
321 2494 428 2563 indice
454 2494 649 2561 monendum
679 2492 802 2576 generis
837 2486 987 2560 historici
1018 2495 1131 2579 illius,

202 2624 273 2694 quo
296 2611 504 2676 continentur
526 2608 658 2674 nomina
687 2608 815 2688 propria
842 2607 1034 2689 hominum,
1064 2627 1132 2676 nou

201 2731 302 2798 modo
319 2727 542 2810 Scriptorum,
566 2727 622 2791 sed
642 2724 779 2790 alioruin
796 2722 853 2807 qui
871 2726 921 2791 vel
938 2726 1132 2810 colloquen-

174 2837 177 2840 ’
201 2854 255 2912 tes
287 2843 509 2924 inducuntur,
540 2842 592 2907 vel
616 2841 678 2906 aila
703 2859 907 2923 quacumque
927 2859 1043 2908 caussa
1066 2861 1134 2909 me*

201 2971 386 3029 morantur.
432 2957 558 3023 Horum
573 2955 706 3023 nomina
722 2971 754 3022 et
783 2974 857 3039 res,
882 2976 957 3023 cum
974 2959 1135 3028 expiato·

205 3088 270 3154 ne,
301 3081 368 3136 tum
403 3068 553 3152 aliunde,
583 3069 807 3155 colligendae,
843 3089 875 3137 et
899 3074 938 3137 ad
963 3076 1131 3155 quamdam

202 3186 343 3258 'notitiae
359 3186 624 3272 perspicuitatem
640 3187 887 3254 constituendae
912 3203 1009 3256 sunt:
1031 3190 1134 3258 veluti

199 3307 245 3377 'in
261 3307 543 3391 Prosopographia
568 3307 703 3373 Codicis
723 3303 944 3373 Theodosiani
971 3308 1090 3374 factum
1117 3328 1136 3375 a

208 3427 334 3513 magnis
350 3424 510 3510 virisJac.
529 3421 737 3492 Gothoiredo
760 3439 792 3490 et
815 3426 859 3492 D.
880 3414 1021 3493 Rittero.
1066 3427 1134 3495 Ha·

207 3542 265 3610 het
292 3543 368 3609 haec
389 3561 484 3626 opera
509 3558 659 3626 magnum
684 3555 882 3611 momentum
909 3543 982 3610 cudi
1011 3545 1052 3609 ad
1077 3564 1134 3613 au·

205 3654 311 3724 ctoris
334 3658 599 3742 intelligentiam,
620 3670 689 3724 tum
705 3660 745 3725 ad
764 3660 886 3727 multos
905 3660 1061 3729 historiae
1085 3666 1136 3732 lo'-

205 3793 268 3841 cos
285 3775 474 3856 explendos.

252 3885 398 3954 Tettium
416 3908 548 3972 eorum,
571 3908 652 3972 quae
677 3892 710 3958 in
735 3889 809 3974 ipso
825 3892 985 3975 scriptore
1002 3908 1137 3964 cernun-

208 4016 286 4084 tur,
308 4017 358 4071 est
388 4004 515 4087 forma.
561 4008 653 4075 Plato
677 4027 761 4074 usus
785 4025 836 4075 est
853 4008 970 4093 fhrma
992 4011 1139 4102 dialogo·

210 4140 297 4188 rum.
342 4119 411 4188 Hac
439 4120 647 4192 offenduntur
673 4125 792 4193 minuti
819 4127 1012 4224 philosophi
1044 4149 1137 4197 com·

1058 4262 1139 4332 pena
