2362 4936
105 562 170 673 „i
319 542 821 673 nannnrnnrm

105 736 456 854 primaGramma‘ticae
474 764 644 846 elementa,
662 765 893 838 declinationes
905 781 935 836 et
947 758 1005 839 tona

100 872 289 973 jugationes
307 862 486 963 inculcare,
513 879 596 946 infra
617 869 692 947 sane
717 883 823 966 ipsius
841 887 1002 970 dignitatem

103 1020 143 1070 ac
158 999 356 1080 dbctrinam,
376 997 578 1080 vespertinae
598 1012 702 1064 tamen
719 998 746 1062 ei
762 998 954 1066 remanebant
966 1018 1004 1064 rr·

26 1138 29 1145 ¹
105 1109 205 1199 ¹cuae,
235 1133 318 1197 quas
343 1112 476 1181 lectioni
502 1130 645 1180 veterum
679 1113 879 1196 Scriptorum
908 1114 1003 1182 tribue·

105 1212 176 1311 bat.
220 1230 423 1325 Quamquam
442 1243 473 1295 et
491 1230 573 1295 lianc
594 1249 623 1296 et
613 1227 803 1313 felicitatis
820 1244 935 1316 partem
946 1246 1004 1297 nox

107 1346 224 1425 ademit
241 1345 504 1427 matrimonium,
522 1347 556 1427 in
573 1346 662 1429 quod
677 1346 815 1428 incidit,
830 1348 1004 1427 indotatam,

109 1472 143 1537 et
168 1469 282 1538 multis
315 1467 425 1534 liberis
452 1465 669 1532 foecundum:
704 1465 826 1563 quibus
851 1480 1005 1533 anstantm·

109 1586 187 1685 tiis,
210 1586 304 1654 etiam
324 1603 442 1661 vacuas
468 1582 565 1650 horas
584 1582 722 1664 privatis
742 1581 864 1650 scholia
880 1578 1005 1649 babcniit

104 1721 299 1811 consumere
323 1698 447 1788 debuit.
501 1699 594 1781 sic·
586 1717 619 1764 ιιι
647 1697 770 1765 scholis
796 1697 1005 1766 continuorlo

109 1819 207 1913 cendi
229 1812 342 1901 labore
362 1814 538 1906 fatigatus,
559 1814 645 1881 domi
672 1816 691 1881 a
713 1814 824 1880 liberis
847 1816 934 1880 tnrba
947 1828 1005 1879 stre·

108 1926 249 2029 pituquc
266 1945 441 2017 exceptus,
464 1949 568 2013 neque
585 1931 825 2015 requiescendi,
847 1928 1006 1996 nodnmali·

112 2046 196 2135 'quid
211 2044 273 2139 suo
292 2048 356 2115 sibi
378 2048 488 2123 studio
509 2048 653 2132 legendi,
677 2063 805 2129 tempus
825 2049 1005 2113 locunmre·

109 2146 269 2252 periebat,
321 2166 476 2232 Attamen
503 2164 585 2230 hanc
611 2176 729 2229 sortem
757 2161 909 2245 patienter
925 2148 1005 2235 tnlit,

111 2268 276 2346 meliorem
291 2278 319 2345 ei
335 2279 424 2345 breui
440 2296 664 2347 successuram
683 2295 828 2360 sperans.
851 2274 1005 2363 Quoddun

108 2376 284 2487 sperabat,
308 2409 339 2460 et
355 2414 440 2478 nos,
463 2413 502 2461 ne
517 2393 638 2461 frustra
657 2407 820 2478 speraret,
841 2408 958 2478 operam
969 2386 1005 2453 da«

109 2510 249 2596 bamus,
281 2512 400 2581 liberos
429 2513 497 2598 ejus
524 2512 698 2596 erysipelas
735 2512 876 2587 morbus
893 2508 1005 2580 lnrasitt

111 2624 236 2709 quibus
256 2647 348 2709 opem
371 2643 536 2711 paterno
524 2642 556 2712 et
581 2625 685 2708 effuso
704 2628 812 2694 animo
831 2625 1005 2709 ministrans,

105 2735 215 2827 ipse
200 2742 310 2825 eodem
330 2743 444 2828 morbo
465 2740 644 2839 implicitus
664 2759 695 2808 et
718 2762 791 2808 cnm
810 2743 936 2810 duobus
954 2736 1005 2807 eti·

110 2834 199 2923 'beris
217 2836 386 2941 absumtus
406 2870 469 2920 est.
515 2854 718 2921 Caeterum
709 2874 744 2922 ιιι
766 2856 821 2922 illa
844 2847 1005 2941 coniugialia

115 2987 264 3037 aerumna
280 2968 387 3050 vitae,
410 2986 510 3050 quum
532 2969 565 3034 in
590 2967 711 3033 Literis
736 2988 849 3072 parum
876 2969 1005 3038 addiscat

114 3103 248 3173 posset,
271 3088 357 3154 cavit
378 3104 484 3155 tamen
510 3107 550 3154 ne
577 3088 657 3172 quid
680 3091 878 3171 dedisceret·
867 3104 1005 3179 semper·

114 3227 179 3290 que
204 3208 294 3286 illum
317 3207 470 3276 scientiae
487 3213 616 3277 modum
642 3211 817 3298 obtinuit,
833 3232 926 3299 quent
943 3220 1005 3278 anta

112 3316 295 3411 babuerat,
321 3344 482 3409 quemque
506 3346 605 3410 supra
634 3328 887 3411 declaravimus,
909 3328 1005 3394 etduo

111 3438 177 3505 bus
194 3441 289 3508 illis
279 3462 313 3509 ιιι
327 3441 419 3507 libris
439 3441 718 3547 significavimuat
742 3462 880 3529 quornm
898 3437 1005 3526 inpio

116 3575 150 3623 re
171 3557 280 3634 testati
297 3576 434 3641 sumus,
457 3577 526 3625 eum
554 3560 711 3659 praeclara
728 3559 912 3625 studiorum
931 3570 960 3623 et
972 3568 1005 3632 ιι

15 3674 17 3678 ‘
114 3674 181 3750 riae
197 3674 295 3739 simul
313 3690 540 3757 accurataeque
555 3676 717 3755 doctrinae
730 3674 829 3741 laude
846 3676 1005 3746 florentem

111 3806 187 3857 cum
210 3787 385 3871 Malrnio
376 3808 410 3855 tn
435 3809 473 3857 eo
500 3791 734 3876 discipulorum
756 3774 909 3858 meorum
933 3783 1005 3876 parii

112 3900 309 3980 Ruhnkenio
328 3920 526 3973 numeratum
545 3906 639 3986 es'se,
654 3924 692 3971 ex
710 3924 776 3986 quo
791 3905 846 3972 hic
865 3907 929 3973 sibi
944 3907 1005 3973 altet

112 4002 226 4097 ⁸utrum
251 4022 406 4106 collegam
432 4023 598 4107 obtingere
624 4037 769 4104 optaret:
795 4023 831 4090 in
857 4027 1005 4121 alternat

109 4136 178 4247 ¹leur
204 4137 287 4209 libro
310 4146 439 4215 acutam
460 4142 529 4226 ejus
555 4137 825 4226 verisimilemque
841 4141 1005 4227 Xenopbor

163 4270 178 4281 ·
962 4273 1004 4324 ιιι
