2362 4936
953 320 959 328 ,

834 353 840 362 .

159 567 909 685 P'ROLEGOMENA‘
1034 690 1037 695 ,

276 859 373 931 ,ax
437 869 759 925 narramus

113 1101 495 1182 PHAEDONIS
567 1097 984 1204 Puauoulcra

241 1545 834 1645 PRAEFATIO.

113 1971 169 2114 Er
183 2041 271 2124 subita
287 2039 366 2109 haec
392 2037 512 2118 eduio,
534 2053 566 2105 et
594 2039 684 2106 brevi
702 2057 799 2123 opere
815 2041 991 2130 confecta,

115 2156 222 2237 natnui
235 2158 271 2223 ad
288 2156 460 2223 instantem
479 2170 692 2236 paratumque
716 2155 847 2223 scholae
868 2173 996 2227 nostroe

119 2287 191 2336 urum
203 2273 393 2357 composita,
415 2269 501 2337 haud
531 2288 607 2337 sane
624 2271 751 2354 longam
768 2267 998 2353 praefationem

123 2388 248 2468 potralata
267 2401 348 2454 certe
360 2403 428 2454 mon
446 2402 536 2465 mm,
558 2402 641 2466 quae
655 2385 708 2453 rel
725 2386 760 2451 iu
774 2386 916 2461 auctoris
930 2388 998 2454 lau·

119 2498 149 2562 de
164 2501 366 2582 paruerunt,
390 2501 442 2567 vel
469 2498 503 2565 in
531 2497 664 2572 editoris
689 2497 831 2567 oonsilio
845 2517 1000 2596 excusam·

117 2610 165 2694 do,
179 2629 382 2683 consumatur.
438 2612 566 2698 Ecquis
587 2614 669 2681 enim
694 2615 773 2706 adeo
801 2632 917 2698 expers
938 2616 1000 2682 hu·

117 2729 238 2801 uaniuria
262 2748 333 2814 ear,
356 2747 393 2798 ut
417 2729 544 2815 ignoret
559 2731 726 2799 Platonem
746 2710 786 2797 ab
810 2733 900 2800 omni
916 2750 999 2802 aevo

117 2845 265 2914 celebratum
287 2867 358 2920 esse
377 2867 442 2916 non
460 2847 656 2934 intelligendi
678 2850 808 2930 nolum,
831 2850 1000 2922 sedetiam
1031 2890 1034 2895 ·

119 2955 224 3044 uituli,
243 2966 469 3049 grauissimum
494 2982 658 3032 auctorem
678 2981 711 3033 er
729 2966 941 3050 magistrum,
964 2965 999 3033 id

119 3087 170 3157 αϊ,
185 3083 313 3147 eumdem
336 3094 368 3146 et
390 3081 617 3165 philosophiae
633 3098 664 3147 et
687 3081 886 3165 eloquentiae
911 3083 1000 3166 prim·

116 3188 209 3270 ulmi
228 3211 257 3263 et
276 3197 377 3277 quia,
400 3197 456 3277 qui
474 3197 536 3263 hoe
554 3214 621 3287 nom
642 3197 789 3282 ignorat,
812 3197 997 3279 dubitabit,

114 3301 169 3385 quia
182 3310 390 3377 adolescentes
410 3308 544 3392 optimis
561 3310 681 3378 studiis
697 3312 864 3395 destinati,
887 3312 1000 3384 lectio·

112 3425 375 3492 remeaverant
394 3426 556 3494 imbuendi
580 3427 672 3495 sinti
711 3428 846 3510 ltaque,
870 3446 908 3494 ex
930 3450 997 3513 quo

109 3526 216 3605 Graecas
240 3539 367 3610 Lireras
394 3540 520 3623 docui,
550 3542 686 3606 subinde
710 3540 790 3610 milii
816 3541 850 3607 in
875 3542 1000 3617 scholia

108 3638 238 3718 Platonem
259 3653 487 3735 interpretandi
503 3668 723 3739 argumentum
744 3654 865 3737 sumsi3
885 3656 913 3725 si
925 3658 999 3740 qui·

110 3756 158 3826 itm
175 3764 275 3836 idonei
303 3770 383 3836 mihi
413 3770 614 3855 obtingerent
631 3773 807 3855 discipuli,
830 3774 910 3856 qui,
931 3793 999 3848 nota

109 3880 219 3949 torturi
244 3886 436 3970 pervulgato
463 3903 500 3951 ac
537 3888 651 3968 puerili
691 3887 832 3961 Graecae
873 3890 999 3973 linguae

107 3992 198 4078 uodo,
219 3999 318 4067 altius
335 4014 536 4083 spectaren13
560 4018 632 4068 eum
651 4003 807 4069 orationis
823 4001 999 4086 elegantia.
1099 4058 1102 4065 .

105 4107 400 4206 dilstlendiquoque
413 4117 610 4206 diligentiam
624 4135 902 4201 enumerarentur,
915 4121 1003 4204 elua-

570 4232 597 4306 l
619 4250 639 4332 3
936 4245 1001 4325 urla
