2362 4936
105 592 153 670 ιι
237 572 595 652 aroneooueua
611 595 661 651 ιιι
682 576 907 657 eumoun

105 798 194 882 gara
213 778 313 880 arque
327 788 376 856 ad
389 793 538 858 Senecam
556 797 733 861 sententiae
746 791 786 859 aa
800 797 873 862 nito
888 809 921 867 ct
940 803 1014 862 statu

110 912 292 974 animorum
308 886 378 991 post
395 919 528 972 montena
541 912 710 996 cooporis;
736 927 849 992 operae
868 913 1014 994 pretium¹

107 1024 141 1090 ‘et
162 1022 260 1106 hujus
286 1021 439 1089 editionis
469 1023 648 1090 lectoribus
675 1040 819 1107 gratum,
841 1042 903 1093 uos
927 1025 1014 1092 factu

108 1158 165 1205 ros
190 1138 472 1218 existimavimus,
495 1138 523 1205 si
551 1137 579 1203 ei
609 1156 647 1204 ex
664 1137 718 1203 illa
734 1139 1014 1223 Disputationeea·

22 1236 29 1255 ³
107 1270 191 1341 put,
214 1257 304 1337 quod
319 1267 369 1321 est
386 1255 425 1321 de
444 1254 600 1336 Platone,
624 1255 844 1339 adjiceremus.

105 1360 108 1369 '
152 1368 317 1447 Hactenus
336 1369 374 1434 de
390 1367 531 1434 materia.
576 1368 751 1451 Sequitur,
774 1385 811 1436 ut
828 1371 868 1436 de
893 1371 1014 1439 dictione

107 1480 253 1551 Platonis
280 1481 487 1551 moneamust
514 1486 622 1565 quoad
645 1483 772 1568 quidem
793 1487 869 1552 haee
886 1491 1014 1571 quaestio

107 1592 235 1684 adeius
259 1600 311 1665 vel
332 1599 590 1683 perspicuitatem
614 1603 667 1667 vel
686 1602 914 1671 obscuritatem
934 1605 1014 1688 perti-

104 1703 178 1792 'bt'etz
223 1714 364 1781 Constat
381 1717 489 1797 enim,
511 1718 664 1798 antiquos
678 1715 742 1782 fere
755 1718 902 1787 Platonis
916 1722 1014 1814 dletio

101 1830 179 1898 'nem
207 1829 328 1897 divinis
352 1830 504 1904 laudibus
524 1829 692 1912 affecisse,
720 1846 752 1897 et
781 1833 941 1916 ejusmodi
957 1835 1014 1902 ferr

100 1944 202 2011 effata
226 1945 311 2012 haud
337 1961 468 2028 pauca,
501 1949 594 2029 quale
620 1948 700 2013 illud
732 1950 817 2030 apud
842 1948 1014 2017 Ciceronem

101 2060 200 2130 litut.
220 2081 281 2146 31²
315 2061 400 2159 ,Quis
427 2068 511 2129 anim
539 2063 671 2129 uberior
693 2069 730 2130 io
745 2062 899 2148 dicendo,
919 2065 1014 2133 Plato

101 2174 173 2244 'not
187 2177 325 2262 Joocm,
343 2182 439 2259 ajunt
455 2180 657 2268 philosophi,
670 2184 699 2246 si
715 2181 842 2248 Graece
856 2181 1008 2271 loquatur

100 2300 155 2383 'sla
173 2301 273 2389 loqui.
318 2301 417 2389 Quod
434 2301 507 2366 item
524 2313 680 2368 mernorat
694 2300 873 2384 Dionysius
888 2301 1014 2370 Helicae

25 2454 29 2461 ·
92 2392 244 2486 ‘'nasseus
269 2417 303 2485 in
326 2415 454 2502 Judicio
480 2419 520 2483 de
541 2415 759 2482 Demosthene
781 2414 867 2500 Cap.
886 2436 969 2509 xxr,
992 2438 1014 2502 p

100 2537 194 2616 ¹289:
220 2536 273 2616 illa
296 2536 329 2604 ll
351 2559 435 2603 eroon
453 2535 566 2613 lecara
582 2533 643 2613 eoa
661 2533 833 2612 λεγόντων,
854 2535 914 2610 olo,
930 2534 959 2598 al
975 2556 1014 2599 ea

101 2644 191 2740 ’πρὸ
219 2654 293 2724 leole
320 2650 606 2725 driusandeino,
630 2644 649 2731 ἦ
673 2648 707 2714 al
727 2650 784 2713 etio
808 2647 960 2730 Μρῶτων
982 2646 1014 2712 ei

102 2778 218 2850 poetae
234 2768 342 2843 altat,
365 2769 419 2832 ode
440 2763 543 2838 ἄλλως
567 2765 581 2832 l
597 2763 745 2842 βασιλεὺς
761 2763 801 2830 ὢν
817 2765 918 2831 αὑτῶν
932 2761 1014 2831 &eal

103 2858 200 2964 ’γιιιιι
215 2881 315 2961 zoa,
340 2864 364 2957 a
378 2884 418 2956 aa
437 2880 583 2948 naason·
608 2877 663 2941 sea
680 2875 732 2940 nc
750 2874 901 2958 quiden,
916 2889 954 2941 ιι
967 2877 1014 2959 pre

104 2998 199 3080 rique
217 2996 271 3062 alii
288 2994 455 3075 rhetores,
474 2994 536 3060 boc
555 2991 682 3060 effatum
700 2993 896 3075 explodens,
918 3007 950 3058 et
965 2992 1014 3061 Pla

105 3112 194 3182 ‘touls
211 3113 246 3180 in
272 3112 408 3179 dicendo
433 3110 630 3179 divinitatem
654 3109 766 3175 multis
787 3108 1014 3193 exceptionibu

107 3230 388 3299 circumscrlbens.
410 3229 496 3295 Illud
504 3224 613 3309 certe',
628 3224 1014 3308 cunctisapprobantibuc

106 3334 321 3426 affirmamus,
346 3344 490 3411 Platonis
507 3343 682 3409 dictionem
702 3341 736 3407 in
758 3339 911 3407 omnibus
930 3340 1014 3407 tribu

107 3454 309 3547 'eloquentiae
323 3460 475 3541 dotibus,
498 3459 745 3542 perspicuitate,
769 3455 947 3540 suavitate,
965 3474 1014 3541 gra

41 3554 44 3559 ¹
106 3554 229 3661 vitate,
251 3578 401 3660 quamvls
417 3576 574 3661 egregiam
592 3590 623 3641 et
640 3592 776 3659 prorsus
794 3573 1008 3640 admirabilem

105 3698 295 3784 hujusmodi
318 3713 423 3764 tamen
448 3715 541 3778 esse,
564 3710 602 3764 ut
619 3695 793 3779 aliquando
808 3695 1014 3779 perspicuitet

107 3810 195 3883 'obsit
222 3813 382 3899 gravitas:
408 3833 501 3896 quam
525 3815 580 3880 ubi
603 3815 655 3881 vel
682 3831 796 3899 augere
811 3815 918 3881 studet
935 3817 970 3882 in
986 3833 1014 3882 re

6 3962 13 3970 ,
104 3924 174 3994 bus
196 3925 344 4009 magnis,
366 3940 422 3992 aut
438 3927 550 3992 addere
566 3928 695 4009 paruis,
716 3927 833 3994 accidit
854 3928 1012 3999 interdum

9 4042 16 4049 ’
102 4029 148 4115 ¹ut
174 4040 311 4121 audacia
346 4042 586 4125 tralationem,
628 4045 799 4113 verborum
826 4047 1013 4133 trejectioue

95 4153 362 4242 'compositionis
388 4156 1014 4250 inconsequentie,-·tragicam·granditr

111 4288 142 4311 ι.
966 4289 1014 4353 m
