2362 4936
277 550 286 577 ·'
329 538 595 629 mmmmm
617 547 886 654 marorum.
1003 574 1079 664 ἠ

171 724 251 809 loe
263 738 374 813 minui.
421 739 585 813 Namnet
600 762 758 832 pereunt,
773 763 814 818 att
831 751 996 822 aldimuat
1012 770 1073 831 rm

169 853 257 937 pluma
270 858 375 939 liunt,
397 861 476 943 qula
498 878 537 928 cx
557 865 669 929 natura
694 865 822 931 mortali
845 883 1001 935 uumerus
1023 866 1075 938 ω’-

163 984 218 1039 tum
231 974 395 1057 augendus
411 988 524 1058 earet,
546 987 579 1041 et
597 977 641 1042 ita
657 976 810 1060 paulatim
824 978 936 1046 omnia
953 999 1074 1050 motta·

160 1078 238 1155 laed
253 1087 533 1156 Immortalitatem
553 1092 805 1161 traducerentur.
852 1094 969 1161 rlnlma
987 1109 1072 1179 quo·

154 1216 220 1285 rue,
238 1202 399 1286 siquiden
413 1217 465 1269 ert
480 1219 633 1283 aeterna,
650 1220 687 1271 ut
703 1204 851 1287 profecto
865 1223 937 1292 eet,
953 1212 997 1278 ita
1014 1213 1069 1278 de·

147 1310 384 1387 incommuta
400 1334 494 1399 cate,
517 1333 554 1386 ut
571 1320 682 1386 nullus
696 1320 740 1384 ait
757 1323 897 1400 partium
915 1326 985 1410 ejus
999 1325 1068 1393 dia·

133 1445 271 1517 mut,
290 1434 347 1500 aed
363 1431 523 1499 mentimur
539 1429 756 1500 consensus?
800 1432 967 1511 Hactenus
987 1455 1062 1520 per·

131 1544 216 1617 tinet
232 1547 295 1614 lroc
312 1563 549 1631 argumentum.
595 1548 679 1634 Ejus
701 1550 783 1615 duae
801 1562 906 1628 partes
938 1565 1066 1630 poetro

115 1673 224 1744 nae,
245 1662 289 1728 de
308 1679 448 1729 numero
464 1663 652 1730 Auimmum
672 1679 731 1730 nec
760 1662 909 1746 augendo
927 1663 1065 1729 naeni-

108 1776 284 1857 nuendo,
304 1777 395 1847 etde
419 1777 557 1859 partium
586 1777 691 1862 ipaiua
713 1793 900 1859 consensu,
921 1780 1064 1863 adjectu

108 1904 212 1958 nunt
223 1889 377 1958 velutiex
395 1889 592 1960 abundantia
612 1906 645 1959 et
663 1893 794 1960 uberius
808 1894 1011 1975 explicantur
1026 1893 1061 1960 lu

104 1998 321 2086 Phaedone,
355 2020 393 2071 ut
417 2022 494 2072 mox
520 2008 712 2078 videbimur.
766 2009 858 2075 Prior
879 2024 957 2072 vero
986 2022 1061 2088 pam

103 2121 263 2189 omuino
279 2119 442 2189 acuminis
459 2122 582 2190 laudem
602 2121 718 2205 habet,
740 2124 826 2189 etad
844 2139 989 2206 magnam
1010 2136 1063 2189 tu·

111 2234 407 2304 tinimilitudinem
424 2236 576 2322 explicari
590 2253 717 2320 poteat3
733 2238 763 2304 ai
776 2238 905 2320 quidem
920 2254 958 2301 ex
972 2250 1062 2301 cum

123 2350 300 2434 melone
313 2366 419 2417 retum
437 2368 665 2434 corporearum
685 2352 886 2432 ostenditur,
918 2368 984 2418 non
1004 2351 1065 2415 lta·

129 2463 370 2533 &Animam
397 2464 433 2532 itt
459 2483 495 2532 te
517 2467 675 2550 ejusmodi
703 2467 844 2546 malum,
875 2481 980 2546 neque
1005 2480 1060 2530 ex·

123 2581 293 2648 criuaoeua
308 2577 456 2666 accipere
468 2599 589 2667 purte,
614 2600 683 2665 quo
700 2579 926 2666 exstinguatur
940 2579 1012 2661 lpaa
1026 2591 1059 2644 et

130 2709 245 2778 ml.

178 2813 352 2882 Videamus
366 2806 431 2900 jam
458 2811 498 2878 de
518 2810 706 2894 Phaedone3
731 2792 843 2895 qui‘ab
861 2813 949 2879 omni
974 2811 1058 2880 anti·-
1103 2826 1163 2888 Arg.

145 2925 253 3005 utute
280 2929 313 2997 ia
339 2927 470 2994 habitus
489 2941 540 2993 est
570 2926 674 3005 liber,
697 2927 729 2992 ln
747 2945 814 3007 quo
832 2928 973 2993 rationes
993 2930 1058 2993 lm·
1073 2889 1181 2945 Μ

152 3042 337 3109 mortalitatis
357 3043 547 3110 Animorum
578 3041 763 3125 gravissime
787 3043 1062 3111 luculentissime·

152 3170 200 3235 ete
213 3157 378 3240 expositae
394 3170 514 3223 essent.
558 3155 651 3240 Quae
677 3156 803 3237 quidem
832 3157 915 3223 libro
930 3159 1001 3226 laua
1027 3174 1060 3227 et

151 3272 307 3340 auctoritas
329 3271 502 3338 conciliata
526 3285 600 3351 est,
621 3285 771 3337 nontam
798 3257 948 3337 firmitate
965 3290 1060 3357 argu.

152 3398 336 3469 uentorum,
362 3403 468 3466 -quam
494 3386 676 3467 eloquentia
699 3384 870 3452 Platonis.·
913 3387 1060 3454 Habetur
1131 3395 1135 3403 ’

153 3499 220 3567 min
236 3501 419 3585 disputatio
444 3517 484 3567 ex
509 3501 649 3584 persona
675 3499 840 3581 Socratis,
865 3500 921 3581 qui
938 3501 1053 3570 ultimo

84 3674 86 3683 .
145 3611 217 3680 litae
231 3616 283 3682 die
298 3617 469 3682 incarcere
485 3614 525 3680 ad
543 3615 665 3681 amicos
680 3615 831 3695 disserit,
854 3616 943 3681 tanti
960 3619 1059 3685 animi
1155 3676 1160 3699 ,

146 3730 369 3812 tranquillitate
382 3748 419 3796 ac
437 3729 677 3813 magnitudine,
690 3731 778 3797 tantl
795 3727 911 3796 fiducia
928 3751 965 3799 ac
986 3751 1059 3816 per·

151 3844 288 3912 wione
316 3845 444 3911 suturae
471 3843 657 3925 felicitatis,
679 3859 739 3925 ut,
759 3862 827 3911 non
844 3847 884 3910 ad
900 3863 1058 3929 mortem,

143 3957 244 4026 alm
266 3959 408 4028 Deorum
435 3959 666 4026 Immortalium
693 3958 892 4026 domicilium
911 3960 996 4026 abire
1011 3962 1062 4026 vl·

144 4066 254 4146 intur.
302 4074 430 4162 Quare,
453 4075 543 4158 quod
558 4076 655 4159 dico,
672 4074 701 4141 ai
719 4075 798 4158 quid
813 4090 864 4140 est
879 4074 913 4142 in
929 4076 1001 4159 ipsi
1012 4092 1063 4138 ar·

156 4236 160 4241 -
1003 4203 1066 4272 gu.
