2362 4936
108 574 172 670 140
229 570 583 648 nuouuunusun
601 592 651 644 ex
672 558 896 648 sutrinus

108 782 188 833 vero
206 764 246 829 ad
262 781 297 828 se
312 758 436 828 rediens
451 766 524 829 nuti
533 759 715 828 recordetur
725 808 738 844 ,
749 761 830 843 quid
846 765 880 830 in
891 762 1025 848 deliquid

110 878 322 965 cogitaretitq
345 895 411 945 non
430 877 504 944 inde
525 877 660 944 efficitur
676 868 784 947 nullus
801 879 829 946 ei
848 880 1025 948 obversatus

102 996 181 1064 ‘esse
196 982 429 1081 rogitationes:
453 993 552 1060 immo
569 993 630 1060 hot
650 1011 749 1060 unum
768 993 881 1079 colligi
901 1011 1025 1080 potest,

97 1100 332 1193 'cogitationes
347 1110 425 1177 adeo
441 1109 561 1178 debiles
579 1123 611 1176 et
623 1112 779 1179 obscuras
792 1109 918 1195 fuisse,
931 1126 966 1180 ut
981 1132 1025 1181 us·

110 1216 246 1306 stigium
261 1223 385 1290 millum
401 1222 601 1306 reliquerint.
718 1260 725 1269 ι

154 1334 199 1407 ll.
222 1339 346 1406 Deinde
362 1338 559 1439 experientia
571 1355 704 1422 qunque
718 1353 874 1423 testatur,
886 1341 1025 1408 Animum

107 1448 201 1530 entra
220 1459 354 1542 Corpus
382 1457 547 1542 cogitandi
573 1475 703 1524 munere
728 1458 844 1525 melius
872 1456 1025 1542 perfungi.

101 1571 224 1658 'Nam‚
247 1575 305 1657 qui
327 1573 409 1640 serio
432 1587 466 1638 et
492 1572 660 1657 diligenter
678 1574 756 1656 quid
783 1573 926 1658 cogitare
943 1577 1025 1653 vult,

113 1706 241 1773 operam
263 1690 340 1769 dat,
362 1702 401 1753 ut
415 1686 590 1769 Animum,
608 1687 714 1770 quoad
732 1688 802 1773 ejus
821 1684 888 1753 fieri
906 1700 1025 1771 potest,

99 1807 134 1876 'i
151 1808 300 1888 Corpore
314 1815 450 1885 avocet,
473 1803 552 1869 etin
569 1819 603 1868 se
619 1802 724 1885 ipsum
742 1802 894 1887 colligat:
919 1801 1025 1870 solitu·

111 1904 218 1988 dinem
232 1919 333 2003 igitur
343 1932 374 1984 et
388 1916 651 1999 tranquillitatem
668 1928 895 2000 consectatur,
909 1929 946 1982 ut
957 1932 1025 1981 cou-

107 2013 280 2118 'templario
298 2033 461 2118 strepitu,
478 2031 722 2112 sisnandus,
739 2046 771 2098 et
788 2030 920 2098 omniuo
936 2029 1025 2098 sensi·

103 2119 178 2213 ilrlls
192 2134 374 2230 Corporis,
385 2162 437 2214 -ne
452 2146 680 2230 perturbetur.

106 2258 127 2294 ³²
156 2261 215 2331 ΠΙ.
239 2263 386 2345 Denique
400 2281 470 2329 esse
485 2262 614 2345 quidem
632 2263 808 2347 Animum,
821 2267 878 2332 sed
892 2265 1025 2331 eumdem

102 2372 223 2449 'visua
241 2379 369 2463 penitus
386 2379 584 2463 spoliatum,
604 2398 672 2447 non
691 2379 771 2446 satis
792 2395 886 2450 acute
903 2382 1025 2452 dicitur.

102 2496 225 2566 'Animi
238 2499 323 2564 enlm
336 2497 475 2564 essentia
491 2497 599 2580 posits
612 2497 707 2562 estin
720 2496 932 2580 cogitationes
945 2512 1025 2562 cunm

111 2630 178 2695 que
195 2612 277 2677 idem
297 2611 339 2675 sit
362 2611 522 2692 simplex,
545 2624 582 2676 ut
606 2611 703 2679 modo
724 2611 883 2696 vidimus,
905 2613 953 2678 vis
971 2628 1025 2675 cu·

102 2728 235 2813 ·gitandi
260 2727 401 2792 habenda
427 2740 477 2791 est
503 2741 656 2794 constans
673 2742 705 2792 et
724 2728 889 2814 princeps.
929 2728 1025 2816 Quart

114 2840 244 2906 sublati
262 2838 425 2922 cogitandi
451 2839 507 2920 vi,
539 2841 609 2923 ipse
636 2840 776 2909 Animus
795 2845 943 2910 sublatus
958 2843 1025 2908 etit.

112 2953 162 3020 lta
190 2968 273 3020 certe
310 2953 343 3019 in
371 2971 474 3020 terunt
505 2968 618 3021 natura
646 2953 712 3021 fieri
743 2956 1020 3026 animadvertimus

113 3069 263 3150 Corpora
279 3066 386 3134 omnia
400 3066 518 3133 habent
535 3067 599 3132 vim
621 3084 752 3149 motus,
768 3071 963 3150 soliditatis,
978 3080 1025 3131 ex«

115 3185 295 3253 tensionisr
311 3187 390 3252 tolle
404 3185 461 3252 has
475 3184 578 3266 vires,
595 3184 681 3269 ipsas
695 3204 746 3251 res
763 3186 947 3255 sustuleris.
970 3177 1025 3253 GE

105 3300 374 3370 Mendelsnhnus
400 3302 434 3368 in
460 3301 652 3391 Appendice
677 3304 716 3369 ad
740 3303 967 3389 Phaedonem,
992 3317 1025 3384 Ρ

115 3437 178 3487 sot
202 3432 234 3485 et
255 3435 349 3500 seqq.

518 3567 552 3650 S.
598 3570 642 3636 X.

128 3804 131 3811 Α
158 3735 212 3805 De
226 3738 423 3805 Auctoribus
434 3750 467 3801 ct
481 3736 715 3827 Interpretibus
729 3738 824 3823 hujus
839 3740 992 3827 quaestio·

102 3906 105 3911 .
200 3855 250 3919 nis
271 3854 312 3925 dt
328 3855 443 3921 Animi
470 3842 746 3938 Immortalitate,
775 3872 805 3921 et
826 3862 864 3923 itt
882 3862 958 3948 pri·

347 3974 408 4038 nris
430 3969 471 4037 dr
495 3969 565 4048 clus
581 3973 810 4059 Simplicitate.

159 4138 251 4217 Hanc
269 4152 370 4211 lotam
389 4144 608 4230 quaestionem
625 4145 691 4230 iis,
714 4165 796 4234 quse
814 4146 879 4215 sibi
896 4125 1025 4214 firmissi

112 4268 140 4281 ''
991 4277 1025 4329 ιιι·
