2362 4936
201 228 252 339 ori
332 232 686 313 rnoeeooneun
706 252 754 305 rx
778 232 999 305 nutriorem

210 428 396 519 quillittte,
416 426 454 493 de
472 426 535 492 hoc
553 434 741 506 argumento
758 420 806 487 sie
821 420 973 503 disserit,
995 440 1064 491 non
1092 418 1133 495 u'i

207 546 249 613 ed
266 558 421 622 mortem,
445 540 502 605 sed
518 539 557 605 ad
574 539 695 602 beatam
711 536 809 603 vitam
825 556 898 603 curn
916 537 980 605 diis
998 538 1129 605 immor·

208 662 329 731 te'iibus
345 659 516 742 dementiam
536 674 573 720 se
588 655 674 721 abire
696 656 902 721 demonstret.
936 654 1013 722 Sive
1030 670 1133 723 caetu

205 796 283 858 ns,
322 790 485 855 tamquam
515 770 693 851 dramatis,
729 780 834 851 partes
866 767 1130 853 consideremus,

207 912 320 963 omnes
343 892 402 956 hae
427 902 555 971 partes,
578 886 746 965 actiones,
768 903 953 966 sermones,
976 886 1130 972 initium,

208 1024 420 1101 progressus,
443 1008 573 1087 exitus,
594 1022 661 1069 eam
680 1003 797 1069 habent
815 1020 917 1069 terum
933 1022 970 1069 ac
987 1002 1133 1087 disposi-

206 1126 307 1195 tionis
334 1126 519 1203 ueritatem,
543 1138 623 1203 quae
645 1118 819 1204 legentium
840 1117 966 1185 animos
993 1117 1137 1185 incredi-

207 1243 314 1311 biliter
336 1241 460 1321 capiat,
490 1253 621 1319 tenum,
651 1249 683 1302 et
714 1237 805 1303 vario
834 1236 984 1319 deinceps
1010 1236 1129 1305 affeetu

208 1370 337 1437 verset,
368 1354 621 1436 sollicitudinis,
654 1352 963 1435 commiserationis,
997 1354 1133 1423 admira·

208 1474 332 1555 tionis,
353 1472 604 1552 benivolentiae,
626 1484 722 1551 atquc
737 1472 771 1537 in
789 1488 852 1534 rem
870 1484 1066 1552 praesentem
1081 1470 1134 1554 ip·

207 1609 345 1673 sumque
361 1590 395 1655 in
412 1591 519 1655 iocum
542 1586 688 1668 auferat,
711 1585 767 1651 ubi
790 1586 853 1669 ipsi
878 1584 1053 1651 incarcere
1070 1584 1132 1651 So·

210 1690 329 1779 cratem
353 1725 386 1775 ct
409 1710 593 1790 loquentem
617 1704 746 1783 audire,
768 1715 801 1767 et
818 1701 1002 1770 morientem
1024 1703 1132 1771 videre

208 1824 399 1907 videantur3
423 1840 460 1887 ut
481 1822 535 1887 hie
560 1819 709 1903 dialogus
727 1834 795 1883 non
816 1816 914 1881 modo
934 1815 1043 1901 justae
1067 1827 1134 1883 tra.

208 1930 515 2027 geredisenumerurn
538 1936 704 2016 obtineat,
726 1937 783 2003 sed
799 1931 888 2001 omni
907 1933 1055 2017 quamuis
1075 1934 1139 2001 flc‹

208 2034 267 2119 oili
293 2054 455 2137 tragoedia
481 2050 639 2118 efficacior
664 2050 708 2117 sit
740 2050 779 2115 ad
808 2049 1133 2123 communicationem

208 2168 343 2237 eiiectus
360 2186 396 2233 ac
410 2168 554 2249 doloris,
578 2166 701 2249 quippe
719 2166 845 2234 nulium
862 2165 1022 2249 poeticum
1037 2184 1134 2233 orna·

206 2296 277 2351 tum
307 2282 540 2359 desiderantis,
572 2280 675 2346 nullis
709 2280 881 2347 verborum
911 2280 961 2349 vei
986 2284 1131 2349 numeris

207 2384 399 2474 constricti,
414 2396 465 2457 vei
481 2392 559 2459 fuco
578 2394 697 2475 obiiti,
712 2395 752 2462 ab
770 2397 857 2464 omni
877 2398 955 2466 artis
971 2397 1137 2483 suspicio·

208 2528 252 2578 ne
267 2508 400 2591 remoti,
419 2528 478 2577 sua
501 2509 607 2592 ipsius
623 2526 736 2579 natura
754 2515 914 2596 valentis,
936 2534 974 2581 ex
992 2518 1062 2581 soit
1088 2533 1137 2580 re·

207 2645 278 2693 turn
302 2644 578 2709 personarumque
606 2627 738 2693 veritate
763 2630 851 2698 nati:
875 2644 907 2695 ct
930 2632 964 2697 in
982 2630 1138 2714 quemvis

210 2760 277 2813 uon
305 2744 513 2812 inhumanum
527 2746 688 2810 ieetorcm
712 2746 904 2828 conveniat,
936 2750 1025 2830 quod
1048 2748 1125 2817 Cot·

209 2856 445 2927 reor-dicentem
466 2856 546 2924 facit
564 2857 681 2924 Cicero
699 2858 749 2925 De
767 2856 850 2927 Nat.
867 2860 964 2930 Deor.
987 2860 1056 2945 ul,
1073 2880 1111 2947 33

206 2978 302 3065 Quid
319 2980 425 3049 dicam
443 2980 482 3045 dr
497 2983 660 3048 Socrate?
689 2980 782 3065 crajus
799 2984 900 3048 morti
922 2982 1100 3069 illacrymet

207 3094 309 3174 soleo,
331 3092 500 3161 Platonem
517 3096 634 3179 legens.
836 3090 843 3099 ’

217 3240 222 3251 ·
249 3206 335 3275 Nam
360 3207 447 3275 istud
469 3208 599 3291 quidem
624 3224 753 3293 petest
777 3211 926 3295 putidum
948 3228 981 3279 et
1004 3214 1083 3281 obst

205 3306 298 3401 hm,
321 3323 411 3402 quod
437 3324 537 3406 vulgo
563 3336 713 3406 conant,
737 3324 790 3392 iila
816 3324 1065 3421 immortalitatis

208 3453 357 3525 gumenta
380 3439 476 3521 longe
497 3440 609 3507 abesse
634 3442 652 3509 i
669 3430 951 3508 demonstrationis
970 3442 1060 3507 evide

207 3570 239 3623 et
258 3552 427 3637 firmitate,
450 3554 624 3638 ipsumque
645 3557 834 3624 Ciceronem
856 3554 996 3625 Tuscui.
1015 3556 1049 3638 Ι,

208 3672 257 3741 iic
272 3672 446 3758 iudicasse.
490 3672 591 3757 Quasi
607 3660 682 3740 v'eto
699 3674 743 3739 nil
765 3675 964 3755 probandum
982 3673 1038 3739 sit.

208 3783 662 3877 quadro-ilumeridcntitm
676 3788 923 3881 firmitatemque
937 3790 1029 3861 demo
