2362 4936
157 585 201 677 ,r
391 538 813 658 'urrsroue

160 789 266 852 quens
282 766 347 834 fuit
372 766 480 841 Pluto,
524 761 623 833 Hunc
643 768 747 833 multu
774 784 792 832 e
811 767 977 850 prioribus
999 789 1065 848 eurr

155 895 265 973 sisse,
287 893 378 956 nulla
391 907 504 963 eorum
517 888 604 960 facta
623 888 806 970 mentione,
828 909 895 964 nort
910 894 1022 961 solum
1039 915 1065 962 er

157 1008 341 1098 probabilis
358 1010 566 1091 conjecturs,
589 1004 645 1070 sed
667 1019 755 1073 cerm
779 1023 830 1074 res
854 1008 966 1083 multis
983 1008 1065 1075 docu

159 1129 277 1202 urentis
301 1142 337 1189 ac
363 1122 504 1189 testibus
532 1121 732 1188 confirmatu.
785 1121 874 1205 Ergo
900 1124 990 1199 mtio¹
1007 1129 1065 1196 du<

154 1245 250 1311 debet
266 1243 403 1326 diligens
425 1241 570 1324 priorum
596 1237 818 1323 Scriptorum
842 1259 916 1307 cum
935 1243 1065 1327 philost

155 1364 320 1446 phorum,
342 1375 402 1433 pec
420 1357 517 1424 modo
534 1374 666 1436 eorum,
680 1356 737 1438 qui
754 1372 987 1431 resensentura
1005 1363 1065 1429 Diu

152 1479 237 1563 qen'e
253 1474 409 1554 Laertio,
440 1472 496 1539 sed
520 1471 657 1538 aliomm
676 1470 716 1546 ab
734 1469 913 1545 Aristotele
929 1490 1065 1542 memora

154 1607 287 1674 torum,
309 1591 343 1667 in
359 1589 474 1673 primis
489 1606 598 1655 eorum
617 1586 677 1668 qui
692 1592 832 1655 carmina
853 1590 1060 1679 scripserunt

154 1707 388 1794 Xenophanls,
415 1706 633 1786 Parmenidis,
660 1690 891 1788 Empedoclis,
921 1707 1065 1790 Epichar

153 1833 219 1912 mir
247 1844 314 1905 tum
329 1843 407 1894 vero
417 1867 432 1908 ,=
451 1825 716 1904 Historicorum,
732 1823 982 1907 sophistarum,
998 1828 1065 1896 Ora

151 1963 282 2028 torum,
313 1944 515 2025 aliorumque
550 1940 710 2015 omnium.
765 1941 828 2006 Sed
851 1943 1065 2028 plerorumqur

152 2078 255 2148 quum
280 2060 356 2128 libri
383 2057 558 2142 perierint,
587 2075 647 2123 nec
671 2047 736 2128 uisi
762 2056 849 2129 letes
874 2058 1029 2142 reliquiae
1046 2064 1065 2131 ir

150 2183 286 2259 pilorum
305 2179 437 2263 scriptis
463 2188 592 2261 sparsae
613 2177 752 2260 lateuut3
778 2176 835 2244 lras
855 2178 924 2262 ipse
939 2183 1065 2265 quisqu

97 2304 99 2309 ·
148 2297 340 2365 interiorum
375 2291 556 2362 Literarum
592 2291 763 2371 ¹studiosus
790 2294 936 2387 colliget.
989 2299 1065 2375 Nau

154 2429 238 2494 quse
253 2411 361 2505 adhuc
376 2425 453 2497 supt
468 2412 644 2493 collectae,
664 2423 697 2478 et
713 2420 834 2496 paucae
855 2428 934 2481 sunt
953 2430 985 2481 et
998 2437 1065 2501 pau

147 2527 376 2603 cissimoruma
402 2527 507 2607 etqui
527 2528 586 2592 irae
604 2530 697 2594 laude
717 2528 749 2594 in
770 2530 884 2612 primis
909 2531 1012 2610 fertur
1038 2534 1065 2608 li

148 2644 257 2722 bellus
288 2642 335 2711 H.
367 2643 548 2725 Stephani,
579 2642 686 2730 Poc'sis
709 2643 935 2736 philosophica
960 2649 1063 2722 inscri

144 2777 253 2858 ptus,
274 2776 311 2826 ut
327 2759 522 2839 inchoatus,
545 2759 650 2827 eadem
671 2761 795 2838 laborat
824 2763 952 2847 inopias
978 2785 1065 2847 queu

80 2872 88 2902 ”
146 2893 187 2953 ut
205 2877 325 2962 aliquis
341 2878 457 2943 doctus
475 2877 574 2946 homo
591 2891 705 2961 augeat
718 2879 852 2961 suisque
865 2882 1007 2947 numeris
1021 2903 1065 2960 err·

143 2999 252 3084 pleat,
275 3009 305 3063 et
323 2994 456 3060 omnino
483 3012 520 3057 ut
545 2991 689 3065 omnium
712 2993 910 3076 perditorum
928 2987 1065 3080 Scripto-

142 3128 216 3180 rum
239 3111 392 3192 reliquiae
414 3126 649 3193 congerantur,
682 3123 713 3180 ct
737 3111 798 3176 sub
822 3130 886 3185 suo
908 3116 1065 3199 cujusque

142 3229 273 3314 pomine
297 3227 438 3313 digestae
454 3227 651 3310 vulgentur,
672 3225 873 3296 vehementer
894 3242 1065 3315 optamus;

144 3363 213 3428 quo
228 3341 357 3420 facilior
372 3341 615 3425 expeditiorque
629 3341 778 3417 reddatur
793 3342 934 3410 fontium
954 3349 1065 3431 cogni,

140 3461 214 3545 tio,
237 3461 393 3543 sineque
418 3458 523 3526 omnis
541 3457 771 3542 interpretandi
797 3459 888 3530 labor
913 3479 1017 3534 vanus
1036 3479 1065 3542 et

139 3579 247 3662 inanis
261 3593 324 3646 est.
370 3576 538 3643 Caeterum
554 3577 587 3642 in
604 3575 666 3658 iis,
682 3594 764 3658 quae
779 3590 908 3642 exstant
923 3577 1065 3669 integra¹

139 3692 298 3776 scriptis,
320 3690 500 3777 promta'ac
519 3694 648 3774 parata,
671 3706 755 3770 certe
774 3691 882 3770 minus
904 3693 1065 3781 difficilis¹

139 3820 191 3883 est
217 3806 415 3906 observatio.
468 3796 657 3881 Homericus
677 3809 805 3890 quidem
831 3826 863 3876 et
888 3810 1065 3893 Hesiodum

137 3922 335 4004 imitationes
352 3925 472 4006 cuique
487 3926 652 4005 Platonem
670 3927 786 4011 legenti
798 3938 919 4012 sponte
934 3929 966 3995 in
979 3909 1065 3996 ’ocur

136 4044 189 4121 los
209 4039 398 4120 ipcurruntr
424 4041 501 4106 alite
520 4030 767 4127 magis-istem,
789 4041 891 4118 veluti
909 4060 946 4108 err
965 4041 1064 4124 [γῆς

134 4153 205 4255 tis,
227 4153 399 4255 lustris,
422 4156 594 4255 comicis,
615 4158 802 4256 expromo
845 4155 1004 4256 equidem
1028 4158 1064 4235 iu

1001 4269 1065 4354 imu
