2362 4936
101 544 202 698 qa*
302 655 305 660 .
387 596 756 673 arrsnona

110 798 158 866 ani
173 791 315 872 Bocchi,
335 801 415 857 tuus
431 788 515 872 fuit,
538 786 597 872 qui
613 805 729 869 meus,
752 785 872 854 dolent
915 782 1038 873 Scripsi

112 910 273 981 continuo
295 906 336 973 ad
362 904 432 986 Te,
453 904 617 972 consolari
641 903 693 971 Te
721 905 881 987 studens,
905 923 1038 976 monens

113 1043 153 1095 nt
165 1021 307 1109 egregias
326 1019 399 1086 illas
415 1017 651 1085 consolatorias
666 1017 821 1098 epistolas
843 1017 1038 1106 Ciceronis,

111 1140 271 1216 Senecae,
293 1133 478 1213 Plutarchi,
505 1149 586 1215 quas
603 1135 767 1216 quondam
792 1133 894 1200 illaesi
912 1151 944 1200 et
964 1136 1038 1204 inte

113 1254 165 1340 gri
189 1249 335 1317 admirati
352 1264 519 1330 essemus,
542 1248 696 1332 relegeres
721 1266 808 1315 nunc
831 1249 890 1316 ubi
916 1251 958 1319 ad
981 1269 1038 1318 reu

115 1383 249 1438 ventum
267 1378 370 1432 esset:
387 1377 542 1430 caeterum
559 1376 766 1446 quantocyus
780 1364 820 1431 ad
833 1383 884 1431 me
898 1367 1038 1449 vestires,

111 1498 155 1551 ut
180 1501 244 1550 una
269 1482 464 1566 lugeremus.
516 1477 667 1548 Venistis
689 1481 827 1548 comites
854 1480 936 1548 'ribi
959 1499 1038 1554 etam

112 1586 295 1684 Gregorius
331 1611 363 1664 et
388 1594 659 1676 Nicuwlandius‚
690 1609 826 1677 uterque
858 1597 940 1667 heu!
980 1601 1038 1686 jan

110 1714 213 1792 nobis
228 1728 383 1796 ereptus:
411 1712 471 1794 qui
488 1726 568 1779 tunc
586 1729 710 1778 mecum
729 1712 782 1778 Te
794 1714 957 1799 lugentem
973 1736 1038 1787 sua

113 1829 298 1908 tentabant,
310 1842 387 1911 post
403 1846 422 1892 a
438 1825 536 1893 nobis
553 1845 617 1893 una
636 1826 767 1912 lugendi
784 1812 885 1898 erant.
909 1829 1038 1898 Nieutn

114 1945 265 2026 iandius,
287 1962 364 2011 mox
379 1956 536 2026 sequente
560 1961 669 2012 anno:
691 1943 873 2028 Gregorius
894 1960 970 2014 ante
987 1947 1038 2016 hm

114 2057 342 2144 duodeviginti
377 2075 528 2124 mensesa
560 2056 651 2121 iilius
681 2074 801 2123 manes·
815 2058 1038 2128 nonomine

114 2173 151 2243 in
176 2173 253 2239 Vita
274 2173 319 2241 D.
327 2169 543 2245 'Ruhnkeniia
571 2170 648 2235 huic
674 2171 708 2240 in
728 2171 788 2253 hac
813 2172 886 2255 ipsa
907 2173 1038 2258 epistola

113 2285 346 2356 satifaciemus.
394 2286 457 2352 Sed
479 2286 582 2351 redeo·
594 2284 629 2352 in
648 2264 734 2351 illud
751 2300 893 2371 tempus.

160 2401 303 2468 Venetas
322 2400 363 2466 ad
380 2418 444 2467 nos
459 2417 535 2468 cum
554 2399 728 2482 lacrymis:
752 2399 812 2467 iras
831 2391 982 2472 nostrum
1005 2408 1038 2475 ai

116 2521 269 2605 loquium
291 2520 505 2604 abstergebat.
525 2518 600 2586 Nos
616 2518 667 2584 Te
684 2537 703 2586 a
718 2519 855 2587 recentis
869 2524 1038 2607 cegitatio«

118 2657 164 2707 ne
178 2656 273 2704 casus
290 2636 449 2702 abducere
466 2634 692 2703 tentabamust
724 2636 779 2702 Tu
797 2636 864 2705 eam
878 2656 1038 2714 consecto

114 2751 231 2822 -barisa
263 2750 457 2836 quaerebas,
485 2749 608 2835 quibus
632 2752 715 2821 locis
735 2773 830 2822 soror
851 2756 1038 2848 ambulare,

121 2865 429 2946 morari,de1cctari
451 2867 686 2934 consuevisset.
728 2867 819 2944 Haec
840 2872 894 2940 Tu
909 2873 985 2942 ioca
1002 2895 1038 2945 ro

120 2983 278 3066 petebas,
305 2981 395 3049 iilius
420 2983 558 3067 vestigia
583 2985 748 3070 relegens,
778 2963 889 3072 pedem
922 3010 1038 3076 ponera,¹

114 3098 185 3165 -ubi
204 3098 275 3181 ipsa
298 3098 490 3181 posuisset:
511 3100 667 3184 arbores,
691 3121 771 3186 quas
797 3104 867 3189 ipsa
891 3125 1035 3180 amasset

123 3231 277 3302 spectans
292 3231 324 3282 et
339 3231 564 3286 contrectans:
589 3231 700 3302 prata,
724 3221 809 3286 unde
831 3222 928 3290 flores
954 3229 1038 3299 colia

125 3333 250 3415 gisset,
267 3332 403 3415 obiens,
421 3336 587 3417 lustrans,
605 3335 744 3417 indeque
760 3355 860 3404 aerem
888 3356 1038 3426 captatus¹

122 3443 157 3512 si
175 3442 260 3512 forte
272 3447 414 3528 aliquam
434 3447 570 3516 dilectae
589 3450 747 3517 animulae
768 3471 876 3520 auram
893 3456 1038 3546 ιὰὴιιεὶι

125 3560 182 3629 bis
196 3562 288 3630 terris
304 3578 471 3648 vagantem
486 3565 604 3650 spiritu
621 3566 692 3652 ipse
709 3582 768 3634 tuo
788 3571 965 3655 exciperes.
1004 3575 1038 3644 it

46 3756 48 3760 y
121 3689 159 3741 -te
173 3679 352 3760 tractabas,
369 3680 495 3765 tibique
517 3683 761 3755 satisfaciebasa
787 3700 819 3753 et
844 3709 950 3775 prope
974 3712 1038 3766 con

122 3787 271 3858 firmatus
287 3792 419 3861 domum
439 3796 576 3865 redibas.
615 3797 664 3864 lbi
682 3818 759 3868 vero
778 3801 848 3886 ipsa
865 3806 984 3876 manns
1004 3810 1038 3880 iu

126 3916 216 3969 ctum
234 3909 418 3976 renovavit:
437 3912 606 3995 solitudo,
628 3914 798 3999 vacuitas,
820 3920 966 3992 absentia
988 3947 1038 3997 ω

124 4022 243 4107 capitis
254 4026 345 4111 ,ejus
359 4025 466 4112 imago
485 4048 521 4095 ac
537 4029 729 4099 desiderium
741 4078 754 4116 ,
764 4033 887 4118 ubique
902 4057 1038 4113 occurre

119 4133 650 4226 htahociocmhocsolitaerat
666 4148 968 4236 auscultantque
986 4156 1038 4225 tro

971 4285 1038 4347 tm
