2362 4936
152 603 214 675 un
235 578 629 678 ntuohruurruru
652 584 820 687 uului,
883 605 947 689 651

87 785 163 873 lus,
186 766 283 873 coint
302 786 426 874 e'g'regla
444 790 596 871 quaedani
613 786 751 859 Moralia
767 789 947 876 fragmenta
966 807 1033 858 sare.
1047 801 1099 866 xl,

87 925 145 974 rata
175 925 253 976 sunt
274 910 361 992 apud
379 906 574 977 stobaeuma
598 907 826 1003 Chaeremon,
847 910 951 977 Nero·
965 870 1072 994 ἷῙῖιιιόἮι

99 1020 307 1111 praeceptor:
334 1026 457 1094 Canius
473 1025 586 1107 Iulus,
608 1024 777 1110 Caligulae
794 1028 890 1113 jussu
900 1029 952 1095 in·

87 1141 200 1210 'ectusr
222 1140 381 1210 Thraseae
404 1140 547 1222 Paetus,
568 1141 743 1225 singularis
771 1142 950 1213 satientatis
1080 1152 1084 1160 '

87 1305 95 1340 ,
117 1259 280 1328 aNerone
300 1258 438 1344 priorum
463 1274 581 1347 magno
598 1256 634 1329 ln
651 1259 775 1325 honore
797 1257 949 1339 habitus,

87 1395 136 1445 tea
156 1381 299 1454 occisus.
798 1373 802 1382 '
942 1376 945 1380 '

86 1498 290 1580 eripueris,
327 1513 449 1582 praeto
479 1480 819 1579 supramemoratus,
851 1494 952 1563 incla-

86 1625 156 1676 runt
174 1609 337 1703 Boethus,
361 1614 555 1696 sosigenes,
581 1612 813 1690 Andronicus,
831 1615 952 1699 Xenar-

87 1747 134 1810 s,
164 1728 374 1810 Athenaeus,
404 1732 589 1809 Adrastus,
620 1741 652 1792 et
693 1724 835 1794 Neronis
860 1721 953 1809 prae·

86 1859 135 1908 tor
159 1845 336 1915 Alexander
361 1844 517 1928 Aegeus:
544 1828 727 1922 Platonici,
749 1842 785 1907 in
815 1839 951 1923 punis,

86 1958 237 2039 neander,
269 1973 301 2024 et
326 1954 523 2042 Thrasyllus
549 1957 719 2025 a'l’iiierio
745 1932 971 2023 interfectos.⁸

86 2071 153 2138 laec
185 2072 287 2157 igitur
321 2073 549 2157 praemittenda
586 2066 799 2152 videbantur,
836 2085 875 2135 ut
909 2086 953 2138 na

88 2205 126 2265 s,
149 2204 265 2268 quaea
283 2186 445 2258 Cicerone
460 2187 500 2254 ad
518 2187 671 2255 Senecam
690 2201 763 2266 est,
786 2202 887 2253 vacua
902 2202 952 2250 re·

86 2313 236 2376 ¹uereturr
270 2302 325 2366 red
350 2317 389 2374 ex
412 2300 788 2381 notationeaectarurn,
812 2317 950 2382 quarum

86 2428 151 2481 unt
172 2414 388 2506 Philosophi,
412 2417 597 2484 coniectura
614 2416 693 2514 ¹ii'eri
710 2430 843 2502 posset,
866 2432 950 2498 quae

86 2530 115 2596 it
140 2522 368 2618 plerorumque
383 2533 547 2608 'sententie
570 2534 611 2601 tle
625 2534 820 2607 Animorum
837 2531 948 2606 lutura

86 2646 218 2724 dinone
552 2656 556 2664 ’

249 2874 274 2950 ll
317 2877 347 2955 E
394 2879 424 2946 C
468 2876 512 2991 Τ.
591 2876 710 2950 xll.

375 3100 584 3177 DeScne'ca.
632 3083 635 3089 ’

85 3337 153 3422 {rgo
171 3335 215 3405 sit
229 3335 310 3404 mihi
327 3352 503 3406 ornnes
514 3337 564 3417 is,
575 3332 610 3401 ln
623 3349 691 3418 quo
708 3333 790 3406 hanc
799 3332 947 3416 disputa·
961 3353 1026 3431 ssa.
1041 3350 1100 3410 κῃ,

85 3472 137 3519 em
156 3451 276 3524 finiam.
310 3453 388 3520 Fuit
408 3453 461 3520 laic
483 3454 654 3535 omnium,
677 3452 735 3535 qui
753 3469 831 3536 post
848 3450 947 3519 Cice·
960 3426 1064 3473 senece.

85 3589 127 3636 eur
143 3568 259 3639 Latine
274 3572 313 3637 de
328 3569 542 3654 Philosophia
555 3569 777 3654 scripserunt,
792 3570 944 3653 princeps

85 3705 94 3752 ι
119 3668 306 3770 'eloquentia
333 3702 402 3754 tum
429 3686 597 3757 doctrinae
623 3688 734 3769 copia.
779 3685 943 3765 Constat,

85 3820 92 3867 l
120 3801 153 3868 ln
180 3804 291 3887 primis
310 3804 441 3872 Stoicos
466 3787 612 3877 secuturo
631 3824 725 3889 esse3
747 3822 944 3889 quamqualn

85 3944 87 3979 ι
102 3919 185 3986 nulli
202 3934 304 3988 soene
319 3937 437 3996 nomen
455 3919 616 4003 dedisset,
634 3936 667 3986 et
682 3920 845 3988 Platonica
860 3937 945 4002 quo·

107 4035 225 4118 placita
246 4037 469 4106 assumsisset.
514 4036 578 4109 teu
600 4041 765 4109 videamus
784 4036 855 4105 Viri
869 4056 944 4108 teu·

85 4150 199 4222 ianex
213 4151 459 4239 ipuuarerbls.
691 4156 694 4163 '

894 4265 947 4337 lta
