2362 4936
257 543 476 617 nnunotn
499 542 564 615 un
584 540 837 617 mosomum.
981 564 1023 641 p

133 726 223 815 Neque
240 731 315 800 enim
346 732 493 818 gemelli,
515 750 574 800 mec
598 733 720 803 hucin
744 727 785 803 re'
806 754 869 803 unn
889 737 1027 808 multum

133 849 288 933 dissimiles,
313 850 373 916 sed
396 848 432 916 im
453 847 527 916 eliis
553 849 665 918 multis
682 867 808 920 sumus.
847 851 921 938 Jnm
939 852 1028 922 dein·
1088 951 1090 955 ‚

132 983 202 1048 seps,

155 1138 314 1212 fraternis
328 1098 639 1229 animisspus’dquia
652 1153 749 1229 negat
761 1139 869 1223 altar,
879 1139 1025 1212 exaltare-
1046 1143 1053 1172 ’·

153 1255 318 1328 Anatimus
333 1259 495 1344 pariter,
517 1254 641 1325 netuli:
654 1291 700 1314 -
1121 1252 1126 1269 '

126 1427 245 1495 tunnenit
261 1426 295 1493 in
316 1445 382 1493 nos
398 1427 484 1508 boc,
507 1425 681 1492 Fraterm's
706 1428 825 1494 animis
844 1430 965 1498 vetui:
986 1441 1021 1498 st

127 1542 248 1609 sonitem
267 1543 428 1607 aiterum:
452 1541 655 1623 nequeenim
675 1542 951 1627 numquidnum,
968 1561 1025 1611 me·

128 1666 204 1733 gnttt
220 1651 333 1719 annuit
348 1655 448 1721 niter:
472 1653 550 1735 sed,
574 1669 610 1720 ut
633 1655 746 1722 multis
774 1655 809 1722 in
830 1656 925 1725 rebus
943 1674 1024 1725 con-

127 1766 272 1848 sentimus,
294 1766 341 1837 its
367 1770 404 1836 in
429 1769 541 1837 multis
574 1788 686 1837 rursus
711 1770 932 1840 dissentimus.
977 1769 1025 1837 Es

129 1890 227 1962 umen,
245 1898 277 1948 et
297 1885 354 1950 Tu
373 1871 547 1966 mesmes,
570 1899 602 1951 et
623 1882 772 1969 egoTe:
795 1901 827 1953 et
855 1901 949 1952 vetus
973 1897 1025 1954 est
1159 1881 1163 1946 ἶ

126 1991 164 2060 iic
178 2015 276 2066 rmore
298 2017 379 2080 nec,
402 1996 468 2065 nisi
485 1998 530 2064 itu
547 2014 653 2080 esset,
672 1999 754 2067 hanc
772 2001 812 2068 ed
827 1998 877 2066 Te
893 2001 1027 2084 publicu

125 2111 262 2192 epistolem
280 2113 468 2193 scriberem.
496 2111 702 2200 Quamquam
723 2128 755 2179 et
771 2115 850 2178 uliae
867 2113 944 2178 mihi
962 2114 1025 2178 itu.

124 2224 164 2307 ius
183 2227 361 2310 scriptionis
377 2245 512 2295 cautere
535 2225 678 2301 fuerunt.
722 2226 816 2314 Quae
836 2226 963 2293 eundem
986 2227 1027 2293 il·
1131 2270 1136 2291 ,ι

70 2392 72 2397 .
126 2337 182 2406 inei
218 2341 372 2411 Primum:
405 2342 462 2410 Tu
484 2342 537 2415 vis
559 2341 640 2408 Tibi
657 2341 720 2407 tnie
738 2343 819 2424 quid
840 2362 857 2407 a
878 2361 927 2408 me
946 2343 1024 2409 scri·

127 2450 167 2520 ii:
183 2456 274 2538 idque
295 2477 387 2541 saepe
413 2457 497 2538 mihi
521 2471 552 2522 et
577 2455 768 2543 significasti
793 2470 825 2521 et
845 2458 1025 2526 declarasti.

120 2567 238 2638 Deindes
259 2591 320 2656 ego
344 2569 446 2652 vulo;
474 2567 622 2653 intelligo
649 2570 755 2653 enim,
786 2589 836 2636 me
859 2570 939 2638 Tibi
963 2571 1028 2639 teis

121 2687 180 2766 quid
192 2688 323 2769 debere;
340 2685 606 2770 qnandoquidem
620 2685 676 2755 Tu
691 2685 771 2751 mihi
787 2686 1033 2771 politissimum

116 2813 187 2866 tuum
216 2821 343 2868 carmen
370 2803 411 2871 aa
436 2803 599 2868 hominum
634 2802 838 2890 aequalitate
862 2816 934 2868 ante
961 2802 1025 2874 hus

115 2916 261 2985 duodecim
288 2934 395 2985 moos
418 2915 564 2993 dicasti„
596 2914 703 2997 Sene,
733 2936 771 2982 ex
799 2917 856 2982 ilio
881 2931 1026 2998 tempore
1095 2920 1098 2927 ’

70 3020 73 3028 ’
113 3049 192 3116 saepe
207 3032 378 3103 observavi
402 3047 435 3098 et
462 3030 633 3115 quaesivi,
656 3029 686 3096 si
712 3030 791 3113 quid
820 3030 854 3096 in
881 3049 1022 3100 mearum

109 3164 252 3227 proteum
271 3149 449 3217 Musarum
475 3143 760 3226 haberemrquod
786 3142 865 3208 Tibi
898 3147 1023 3212 donarii

106 3261 168 3329 luco
183 3282 383 3348 reponerem.
419 3259 515 3328 Nihil
532 3255 737 3344 reperiebam.
773 3257 858 3325 Nam
878 3257 1021 3326 Plutar-

104 3381 190 3461 chus,
218 3379 278 3463 qui
308 3376 390 3446 mihi
419 3392 520 3442 unum
545 3389 577 3441 et
600 3387 788 3457 perpetuum
818 3393 904 3456 opus
931 3389 1021 3457 erat,

105 3490 273 3563 oxoniensi
300 3490 491 3563 Academiae
517 3488 702 3557 debebatur.
746 3486 841 3555 Etsi
864 3493 1024 3571 queenlin

101 3625 175 3676 arnt
186 3611 298 3678 subita
312 3624 346 3676 et
361 3607 555 3687 subseciva,
570 3586 647 3672 haec
662 3604 702 3670 nd
717 3600 799 3668 alios
814 3605 1017 3685 spectabant.

103 3722 165 3791 Fuit
186 3727 218 3794 in
236 3726 315 3808 his,
340 3723 423 3788 iiber
440 3721 634 3788 Sclecsotum
655 3739 696 3785 ea
714 3718 889 3784 Historics's
915 3718 1025 3787 Grae«

107 3841 158 3908 ds.-
185 3842 284 3929 hujus
304 3835 468 3924 praefatio
488 3834 668 3919 pertinebat
692 3836 732 3900 nd
760 3834 895 3902 leutotes
921 3838 1020 3904 disci·

104 3933 244 4042 peiusque
265 3975 379 4024 meos..
417 3950 494 4017 Fuit
515 3949 598 4017 Vua
622 3948 669 4016 D.
687 3947 876 4016 Rttlrnkmis'
891 3955 1019 4019 nostris

105 4085 168 4165 ques
186 4074 297 4164 ipsius
325 4065 482 4151 menibus
505 4064 640 4149 integre·
656 4063 844 4153 iniustaque
865 4069 1019 4141 seruanda

525 4178 600 4274 Cs
705 4195 708 4200 ’
969 4176 1021 4251 uis

363 4336 367 4345 ¹
421 4354 458 4376 a·
