2362 4936
37 744 109 797 ieet·
124 741 168 794 xi.

37 810 73 861 ala
89 805 147 859 ailla

37 873 134 924 Pallor.

46 936 169 993 ualuas

179 558 249 645 teo
403 546 885 625 nasrurnatu

181 745 224 812 ad
244 741 349 812 solam
374 735 519 807 nomini·
545 734 781 820 perennitatem
803 737 950 812 refutat.
991 743 1065 816 arta

183 860 244 928 bro
261 859 393 936 eodem,
417 851 475 919 ubi
488 853 529 921 tle
543 851 745 921 Animorum
768 852 1066 947 immolamur

183 973 380 1061 migratione
409 967 553 1049 dieitur,
580 986 650 1035 non
675 985 716 1035 ex
752 971 816 1038 aul
845 974 905 1041 aad
926 973 1065 1063 Pptlagaa

182 1089 321 1178 pmaonl
334 1082 506 1168 loquitura
528 1081 625 1168 cujus
642 1097 755 1153 tamen
767 1089 958 1158 surtmuam
973 1110 1023 1162 um
1034 1112 1065 1161 aa

181 1215 442 1283 maccurareque
458 1196 667 1284 significavit.
713 1196 842 1284 Neque
867 1204 950 1275 ιω·-
966 1204 1013 1274 loc
1026 1205 1065 1275 ii

181 1328 385 1414 Pythagorae
400 1322 582 1408 placitum,
597 1322 710 1391 nullut
735 1340 812 1392 esre
828 1324 973 1412 Inferna,
983 1327 1064 1397 ttiu-

183 1461 259 1512 mos
274 1456 400 1524 semper
413 1437 449 1507 ln
467 1437 564 1507 novit
580 1436 795 1524 Corporibus
813 1443 1064 1519 oberrnautm·

184 1578 285 1645 quam
302 1558 342 1625 ad
359 1556 506 1626 divinum
522 1552 645 1623 fontem
675 1556 795 1626 redire.
842 1556 979 1647 Majarm
990 1575 1065 1629 aucta

186 1679 312 1747 ritatem
338 1672 457 1741 habete
477 1671 633 1753 videtur,
655 1672 750 1754 quod
774 1673 819 1741 ala
848 1675 940 1751 initio
954 1673 1065 1759 leciri

168 1794 256 1880 mi,
277 1795 471 1859 creationem
487 1786 607 1857 Mundi
623 1787 797 1858 Platonici
819 1792 983 1877 Stoiclque
1002 1790 1063 1859 urie

34 4216 36 4221 γ
186 4122 326 4208 Strabo,
353 4118 596 4211 Geographust
618 4114 804 4202 Manilius,
825 4116 939 4185 Portas
960 4108 991 4179 C·
1007 4091 1049 4164 Μ*

185 1929 229 1983 ne
245 1923 435 1993 exponens,
456 1907 596 1975 Animos
621 1905 785 1975 humanos
808 1910 924 1980 divino
948 1909 1062 1978 eodelr

185 2027 308 2095 semine
325 2038 418 2090 ortos
433 2033 465 2087 et
490 2021 530 2087 ad
554 2019 702 2091 Deorum
720 2020 1058 2097 nmuummmaau‘a

184 2158 291 2211 matos
311 2157 383 2206 esse
398 2137 604 2223 pronunciat.
620 2150 627 2158 ·

238 2262 277 2326 ln
292 2253 510 2339 Pythagorici
534 2254 685 2324 doctrina
710 2257 793 2324 clari
813 2261 1003 2341 exenterat,
1016 2252 1060 2322 lla·

186 2374 316 2440 ultratus
349 2369 560 2451 Gaditanus,
592 2370 743 2453 Sotion,
779 2371 916 2442 Senecae
947 2372 1056 2457 mausz,

183 2490 246 2574 'qui
260 2507 329 2555 cam
353 2503 429 2553 cum
452 2485 575 2553 Stoicis
602 2487 733 2570 placitis
758 2493 937 2577 conjunxit.
970 2483 1055 2557 Ptol

185 2604 304 2691 primis
326 2603 439 2670 eahae
458 2601 607 2670 doctrlnl
625 2602 772 2686 proiecti
788 2625 859 2674 eam
882 2607 980 2674 arulas
993 2596 1055 2680 nai»

187 2725 236 2790 cis
253 2742 289 2789 ac
306 2721 489 2807 praestigiis
516 2720 669 2789 'infamem
693 2724 916 2796 reddideruntt
932 2719 1054 2792 amlau

186 2841 398 2920 Larissaeus,
421 2839 541 2920 magiae
560 2842 676 2905 caussa
702 2839 744 2904 ab
769 2842 914 2928 Augusto
934 2831 1055 2914 luileit·

185 2970 282 3035 ctus,
305 2968 338 3019 et
366 2951 566 3036 Apollonius
595 2952 776 3040 Tyaneus,
798 2962 904 3027 eodem
926 2953 993 3036 lere,
1010 2960 1052 3029 qli

185 3072 361 3153 Servatur,
387 3083 554 3152 tempore,
577 3071 629 3137 vel
648 3070 871 3158 paulopost,
892 3087 979 3141 natus.
1000 3058 1050 3146 Qll

187 3202 226 3255 ut
254 3187 444 3255 Animorum
477 3175 756 3253 Immortalitatem
787 3181 1051 3264 tuueruuuiurl·

188 3316 296 3369 etoret
322 3298 474 3380 lucrum,
505 3315 543 3364 ut
569 3298 777 3383 sequentium
812 3318 943 3370 aetatum
958 3293 1050 3364 lilaea

189 3420 268 3508 plaia
287 3418 409 3501 magici
430 3417 666 3500 superstitione
683 3416 874 3499 repleretur.

228 3534 403 3616 Praecipue
417 3546 522 3598 tamen
544 3528 673 3597 Stoicae
693 3531 861 3600 doctrinae
896 3517 1048 3598 runcari

185 3651 313 3731 valuit,
335 3670 372 3719 ac
398 3667 456 3733 per
480 3648 544 3715 hoc
572 3660 604 3712 et
622 3650 808 3731 proximum
839 3630 1050 3716 saeculuulou'·

185 3783 296 3843 natum
316 3781 376 3833 eat.
431 3764 519 3832 Satis
535 3763 638 3830 liabeo
659 3764 792 3831 nomina
813 3737 1049 3836 celebriorum&

187 3901 261 3953 ante
285 3883 435 3950 Senecam
462 3882 618 3966 fuerunt,
639 3900 845 3950 memorasse.
889 3861 1047 3949 Fuemtllr

186 4009 378 4082 turiurum,
401 3999 572 4067 Posidonii
595 4017 634 4066 ex
660 3997 727 4064 filia
752 4015 877 4082 nepost
899 3997 938 4083 Q.
955 3985 1046 4060 Suilli*

1019 4223 1049 4279 il·
