2362 4936
94 521 165 616 sss
278 491 800 586 -·ntsanunuln

107 712 217 781 minus
233 707 294 773 hae
311 723 361 771 tes
377 720 393 766 a
411 701 526 768 multis
534 697 675 766 Nututis
691 698 1001 791 intelligentlbnspns
1033 752 1035 762 .

108 792 471 908 ieeteperspiclanturl
516 811 601 883 Nam
618 800 880 885 videmusetiam
895 822 1004 891 buniutl
1042 793 1049 823 ³

109 940 182 1008 siae
208 937 317 1019 plures
345 931 414 998 sive
439 924 610 1013 pauciores
638 947 735 1000 unum
764 935 1006 1019 eundemquetn

110 1053 292 1145 Intelligere
312 1066 439 1135 posse..
469 1046 555 1129 Scd,
577 1047 693 1132 alunt,
714 1050 770 1116 ila
787 1050 894 1119 Deum
906 1050 1009 1121 catulli
1053 1135 1057 1148 .

111 1187 173 1237 sua
190 1178 222 1232 et
237 1165 448 1249 cogitationcs
465 1159 608 1250 reliquos
626 1161 712 1227 Deos
734 1164 851 1232 celare
867 1187 923 1233 naa
931 1182 1013 1255 patus
1051 1211 1059 1249 :

112 1280 204 1365 Quid
226 1279 353 1345 tandem
372 1276 511 1345 obtecto
528 1292 578 1344 est
594 1277 685 1360 quod
698 1275 796 1346 Deus
815 1262 1009 1349 alteiam!
1053 1365 1056 1370 ἱ

117 1399 224 1462 celare
241 1395 340 1476 velit;
364 1392 455 1480 Quin
473 1391 586 1473 potius
605 1389 682 1460 baec
700 1410 753 1464 est
770 1393 933 1467 felicitatis
944 1414 1018 1481 ptus
1050 1471 1060 1485 ,

115 1514 155 1577 ut
173 1510 314 1578 virtutes
330 1511 403 1597 ejus
419 1509 458 1575 ab
476 1509 549 1576 aliis
563 1506 700 1580 Nuturis
714 1509 968 1599 intelligentibus
979 1532 1020 1595 auf
1050 1490 1060 1518 ¹

116 1638 330 1714 noscantur.
959 1714 964 1723 Ι
1049 1612 1058 1623 ”

164 1742 249 1809 lstse
273 1739 423 1826 profecto
441 1740 639 1811 ratiunculae
656 1743 916 1829 proficiscuntur
931 1747 967 1817 ab
979 1746 1024 1815 iu·
1051 1735 1053 1738 ’

122 1856 300 1924 becillitate
315 1856 467 1924 humana.
513 1856 603 1939 Rea,
626 1855 689 1923 nisi
708 1858 808 1926 solus
822 1860 965 1947 imperet,
981 1854 1024 1925 sti

120 1973 215 2060 regui
232 1972 358 2040 sociam
385 1966 510 2054 aequali
529 1971 642 2037 babeat
659 1969 825 2055 imperio,
845 1990 904 2041 unu
919 1990 951 2039 at
966 1972 1023 2037 bet·
1049 1952 1052 1986 ³

120 2106 192 2161 tum
219 2091 383 2178 putabiti
423 2090 570 2189 Invidus!
582 2089 711 2173 quidem
740 2106 774 2157 et
801 2088 936 2177 regntntli
951 2091 1024 2155 utle

123 2200 288 2298 eupidus3
309 2230 376 2279 non
403 2210 432 2276 is
458 2209 492 2276 in
509 2228 576 2291 quo
594 2206 639 2276 sit
656 2207 839 2293 sapientia,
863 2206 1018 2287 fortitulu,

124 2316 276 2420 justitia,
306 2328 532 2415 temperantia,
561 2329 617 2411 qui
647 2326 775 2411 quidem
806 2330 957 2414 aequalem
975 2322 1025 2393 sibl

128 2446 309 2514 virtutibus
335 2460 451 2513 ntettts
476 2443 621 2525 sotium,
646 2461 795 2526 magnam
820 2440 1025 2511 felicitatisad·

128 2565 300 2651 jectionem
317 2561 380 2629 sibi
399 2559 514 2628 factum
529 2558 752 2641 existimabit,
774 2576 809 2625 et
823 2579 885 2627 una
902 2559 1026 2629 sentutit
1055 2570 1063 2581 ‘

132 2679 367 2759 voluntateque
386 2694 517 2762 regnum
543 2693 616 2744 cum
638 2694 677 2743 eo
702 2675 949 2745 administrabit.
982 2670 1024 2739 lli·

127 2789 240 2859 einum
265 2790 294 2856 si
317 2788 490 2856 habeamus
514 2790 704 2870 curiosum,
727 2789 896 2876 invidum,
918 2793 1025 2858 malem
1058 2873 1064 2881 ι

130 2902 224 2986 ium,
246 2908 316 2989 ejus
338 2904 521 2971 luminibus
545 2903 715 2971 obstruere
737 2925 913 2992 conamur,
934 2904 1024 2975 nteai

131 3040 171 3119 ορ
191 3043 254 3089 nos
283 3020 401 3105 inspici
426 3023 593 3089 volumus.
638 3019 676 3087 In
697 3022 771 3089 Diis
792 3027 881 3093 nulla
899 3014 1025 3113 ejmmob

131 3160 246 3210 caussa
267 3138 395 3208 subest.
438 3136 547 3226 Quare
568 3137 596 3204 si
614 3155 749 3205 natutae
766 3156 897 3209 nosttue
910 3136 1023 3206 imbecil-

131 3256 223 3351 litate
239 3255 343 3323 Deum
360 3256 398 3322 ad
416 3255 590 3322 humanum
611 3255 794 3340 exemplum
824 3257 1021 3331 informamus,

135 3372 217 3457 quid
227 3387 277 3441 est
293 3372 383 3455 quod
392 3370 569 3452 exemplum
587 3387 654 3437 non
669 3389 686 3434 a
700 3367 799 3436 bonis
815 3370 1023 3455 petlensium
1060 3372 1066 3381 ·

133 3489 301 3570 aptavit,
325 3484 519 3553 sumamus?
551 3484 682 3553 Etenim
701 3502 770 3566 quo
787 3485 928 3569 quisque
942 3480 1025 3549 uelint

130 3579 163 3677 et
191 3608 261 3693 ipse
285 3620 334 3672 est
358 3606 431 3688 vit,
453 3620 484 3669 et
508 3620 580 3687 quo
603 3615 681 3668 sunt
707 3600 859 3669 meliores
875 3599 951 3699 uiti,
969 3597 1025 3663 tntu
1059 3608 1066 3639 ⁵

129 3706 223 3809 ‘aptos
234 3720 394 3805 degit,e0
410 3719 511 3804 magia
528 3736 604 3784 suas
620 3716 760 3800 quisque
778 3735 830 3783 tes
845 3733 962 3801 suaque
971 3725 1022 3779 eon·
1059 3706 1067 3733 ²

125 3814 207 3921 [silla
228 3835 262 3902 in
286 3835 359 3900 luce
375 3850 536 3917 exponet,
558 3851 657 3917 seque
673 3846 779 3898 totum
798 3833 872 3899 aliis
895 3818 1021 3919 patenti

126 3946 240 4033 'lisque
256 3948 377 4034 inspici
394 3949 492 4016 volet.

130 4058 133 4063 ’
179 4084 213 4156 3.
224 4066 300 4136 Alit
316 4080 365 4134 est
376 4064 459 4175 tatio
477 4059 752 4145 Tbllneti,dttctt
762 4106 777 4147 ,
795 4076 832 4130 ut
843 4061 910 4148 ipse
925 4052 1019 4143 quiden
1059 4048 1068 4075 ³

966 4182 1013 4243 tlt,
1058 4174 1064 4183 “
