2362 4936
105 531 174 596 ,10
342 438 811 568 ursrura'rro

112 705 213 772 runt,
236 700 268 753 et
288 680 583 783 *demonstrationes
608 683 809 754 recusarias
831 685 897 772 ipsi
912 691 1027 763 souin·

113 805 219 896 geniis
245 816 429 887 expromere
459 798 568 865 conati
596 813 686 869 sunt.
730 800 827 888 Quae
845 806 1023 877 demonstra.

114 925 223 991 tiones
250 937 344 1001 quam
371 915 506 983 habeant
530 917 677 999 laudem,
706 934 824 1000 postea
851 921 1023 998 videbimus.

115 1039 215 1127 Nunc
243 1037 305 1101 hoc
330 1051 430 1099 unum
452 1034 630 1115 volumus,
648 1032 898 1121 Philosophus,
913 1038 963 1127 qui
981 1040 1023 1109 iria

115 1170 149 1225 et
166 1149 378 1234 sequentibus
396 1147 599 1231 temporibus
618 1149 656 1216 de
675 1149 785 1219 diulus
804 1148 1020 1236 Natummpo·

120 1278 280 1357 suerunt,
303 1262 473 1346 copiosius
494 1264 532 1329 de
547 1259 681 1331 Unitate
699 1264 859 1335 disserere
875 1266 1011 1353 caspiam

115 1397 183 1448 mou
216 1378 306 1462 quod
329 1377 464 1447 certiora
488 1377 1017 1469 &numquamnumquam

115 1511 262 1575 veteres,
287 1493 410 1561 adferre
429 1512 585 1580 posseot3
608 1496 666 1564 sed
691 1514 730 1563 ne
754 1498 795 1569 de
813 1500 978 1586 praecipuo
989 1499 1020 1567 l·

114 1600 181 1680 lius
205 1612 371 1679 doctrinae
406 1610 532 1693 capite,
562 1625 618 1681 aut
651 1612 819 1697 tacuisse,
851 1628 906 1685 aut
933 1615 1018 1693 obiter

111 1727 294 1810 prodidisse
314 1725 509 1798 viderentur.

92 1879 95 1883 ·
134 1843 314 1924 ,Equidem
340 1843 426 1909 haud
451 1845 591 1930 ignoro,
622 1861 693 1915 esse
719 1850 777 1928 qul
802 1845 859 1915 lais
880 1847 919 1917 de
939 1844 1017 1913 rebus

113 1961 253 2034 neminis
289 1962 482 2047 cujusquam
510 1981 645 2045 eorum,
673 1965 731 2047 qui
760 1982 843 2048 post
868 1966 1015 2039 citiarum

111 2097 222 2155 natum
257 2082 427 2163 vixerunt,
458 2079 652 2165 scriptorum
689 2081 908 2150 testimonium
925 2083 1009 2151 releoe

116 2200 336 2280 contendant3
367 2197 488 2282 quippe
514 2197 676 2280 quidquid
698 2197 779 2267 berre
795 2198 917 2265 dictum
933 2178 1011 2273 dada

110 2316 221 2385 divina
238 2315 384 2395 Natura,
408 2314 585 2398 religione,
607 2317 750 2397 virtute,
770 2315 805 2383 id
822 2335 864 2384 ex
879 2317 964 2385 libris
977 2313 1014 2383 N.

109 2433 154 2502 T.
172 2432 318 2499 fluxisse.
364 2430 459 2517 Quos
479 2450 540 2514 ego
559 2430 727 2514 homines,
749 2431 813 2509 etsi
833 2452 933 2517 pauca
948 2432 1014 2501 affir·

107 2566 185 2629 ruo,
219 2565 323 2615 tamen
355 2548 395 2613 ab
432 2536 634 2630 antiquitatis
661 2565 724 2613 usu
746 2565 884 2631 prorsus
912 2548 1013 2617 adsunt

44 2674 48 2685 '
107 2684 180 2749 esse
207 2665 341 2733 affirmo.
386 2664 526 2731 Primum
548 2665 610 2737 ltoc
632 2678 745 2733 temere
763 2682 921 2750 sumunt,
940 2661 1014 2749 quod

105 2779 241 2864 probare
267 2794 453 2861 nequeunt,
476 2779 647 2863 Evangelii
672 2781 854 2857 doctrinam
863 2827 879 2864 „
904 2794 938 2847 ut
959 2778 1013 2865 pti.

103 2917 196 2975 mum
222 2896 262 2963 ab
282 2896 454 2976 Apostolis
477 2908 564 2962 extra
585 2894 797 2963 Palaestinam
820 2896 938 2965 differri
953 2912 1012 2963 eos·

104 3015 178 3101 pit,
208 3013 253 3077 ita
277 3011 439 3079 continuo
462 3013 502 3078 ad
527 3011 672 3077 omnium
704 3012 857 3081 notitiam
873 3012 1012 3082 dimanat·

103 3148 161 3213 sc,
183 3130 318 3217 ejusque
338 3146 528 3212 magnopere
546 3127 688 3213 aliquam
714 3130 872 3201 rationem
887 3129 1005 3215 mltum
1053 3163 1056 3197 l

102 3248 208 3317 fuisse
229 3247 269 3312 ab
292 3245 478 3317 hominibus
495 3246 601 3313 doctis
621 3260 652 3312 et
669 3246 898 3330 philosophis.
934 3243 998 3321 Sed,

104 3380 142 3432 ut
167 3367 230 3431 hoc
255 3363 295 3430 iis
321 3362 455 3441 demus,
477 3358 556 3442 quid
582 3374 631 3426 est
659 3359 691 3426 in
724 3359 877 3444 Seneca,
906 3360 1003 3431 liutara

105 3481 191 3561 cho,
213 3495 245 3546 et
263 3478 482 3561 aequalibus,
505 3475 586 3558 quio
603 3474 684 3543 idem
700 3475 750 3541 vel
768 3477 937 3553 docuerint
947 3469 1007 3560 phi·
1053 3518 1056 3525 -

4 3679 10 3691 .
103 3594 238 3687 losophi
263 3611 337 3661 aute
363 3594 532 3664 Christum
560 3607 693 3674 natum,
717 3594 825 3661 velex
844 3591 1008 3685 eorumdu-

103 3712 207 3789 strioa
224 3711 313 3776 nasci
338 3709 506 3791 potuerit?
551 3709 652 3795 Quod
674 3709 703 3775 si
720 3708 843 3801 Seneca
858 3725 889 3776 et
905 3710 1007 3777 Plauu
1051 3750 1054 3791 3

104 3831 188 3905 chus
213 3826 367 3908 legissent
385 3825 487 3892 libros
510 3832 554 3909 V,
573 3840 603 3891 et
621 3824 666 3899 N.
685 3824 753 3907 T.;
769 3907 773 3914 Ι
787 3843 895 3894 esseut
917 3818 1008 3910 prole·¹

103 3964 159 4020 nto
189 3946 223 4011 in
254 3959 362 4009 eorum
393 3941 527 4024 scriptis
553 3959 701 4025 expressa
729 3943 866 4027 vestigia
888 3944 952 4029 ejus
969 3940 1004 4006 le·
1051 3981 1056 4021 ·.

105 4056 242 4151 ationis.
285 4054 384 4134 Nunc
402 4057 491 4136 nulla
515 4072 651 4149 prorsus
676 4069 769 4135 suut,
812 4055 915 4146 lgitu
930 4051 1008 4127 llttts

964 4178 1004 4239 lli
