2362 4936
101 574 166 657 ,ῃ
315 528 827 669 ιι,ιιι.ιιιιιιι.ι,ι’ἒ

102 744 269 844 cognitum
295 738 531 825 probatumque
562 732 721 815 medicum
737 732 1046 837 adhibuerunt,
992 770 1010 788 ι

107 881 203 955 omne
238 854 406 926 ministerii
431 868 534 939 genus
559 853 806 965 praestiterunts
841 870 878 923 at
898 872 1000 927 ew·-
1019 901 1050 945 2

105 966 196 1057 rante
220 962 458 1053 associandi,
480 987 512 1039 et
531 971 698 1037 humanam
719 958 819 1079 opem
841 986 1050 1061 respuente

105 1095 142 1163 in
157 1106 264 1161 eorum
281 1086 431 1155 manibus
444 1086 633 1169 exspiravit.
667 1084 729 1153 Hic
746 1104 814 1156 non
833 1102 1051 1187 nnetereon

105 1206 146 1273 da
170 1219 219 1271 est
242 1202 400 1273 Creuzeti
424 1205 528 1269 nostri
554 1200 795 1269 benevolentia:
820 1200 1050 1293 quianobia

107 1298 262 1407 rog'stus,
284 1333 316 1383 et
336 1316 370 1383 in
387 1300 590 1393 Germaniam
609 1304 834 1397 proficiscenti
851 1314 1044 1399 Heidelbe-

109 1436 150 1525 gi
167 1433 441 1505 commendatitias
458 1426 565 1498 iiteras
581 1430 734 1499 submisit
751 1432 893 1501 multene
911 1448 941 1499 et
952 1448 1021 1515 mos

109 1557 199 1624 nitus
218 1565 289 1617 eum
312 1546 459 1616 Treviris
474 1536 659 1631 aegrotare,
682 1546 842 1615 continuo
864 1550 1000 1637 cinnor·

109 1668 149 1733 si
167 1666 206 1731 ad
224 1662 433 1729 Trevirerises
452 1662 583 1745 scripsit
603 1662 748 1729 amicost
770 1679 962 1747 quamquam
1001 1702 1009 1712 -

107 1800 144 1848 ιι
159 1776 223 1845 fuit
238 1772 314 1859 ir'aec
330 1796 446 1861 opera,
469 1791 659 1863 properante
677 1776 746 1846 fato
769 1778 987 1865 aegrotantis,

104 1910 287 1965 commeato
295 1893 530 1961 tabellariorum
541 1892 622 1960 inter
631 1906 802 1977 utromque
818 1892 1006 1979 Rhenitipa

108 2011 299 2079 intercluso.
328 2006 380 2075 iid
393 2026 454 2075 nos
464 2021 576 2083 ¹autam
589 2005 625 2073 in
641 2000 805 2074 Bataviam
816 2006 928 2077 aiiatns
942 2024 1004 2073 nu

107 2130 177 2193 tius
200 2128 240 2193 de
256 2124 343 2191 iliius
363 2108 456 2191 obitu
474 2112 638 2207 'optimum
665 2120 1014 2209 quemquepraeiasim

109 2246 205 2325 luctu
223 2240 351 2323 affecit,
374 2240 520 2308 simulet
536 2240 816 2308 commiseratione
834 2240 977 2309 boniad
1002 2267 1011 2291 <-

109 2336 253 2440 scentis‚
283 2356 405 2423 crudeli
431 2371 519 2422 sorte
541 2371 574 2422 et
598 2356 630 2422 in
657 2355 803 2423 militiam
828 2356 973 2443 abrepti,
1005 2397 1013 2408 ·

112 2474 262 2543 frustrati
279 2492 354 2540 cum
371 2473 456 2540 vitae
470 2489 538 2541 tum
558 2474 725 2542 reditionis
740 2474 879 2558 fructu,
901 2478 1008 2563 elusot

112 2593 288 2677 praecipuo
311 2590 455 2674 gaudio,
488 2590 576 2673 quod
604 2608 680 2657 mox
701 2578 985 2659 commilitones

110 2707 174 2773 sim
194 2706 325 2770 reduces
340 2717 570 2785 perceperunt,
594 2717 632 2770 ut
648 2702 783 2790 patriam
797 2702 931 2775 iibeim
945 2722 1002 2775 ιιι

112 2832 279 2905 perorent,
303 2836 399 2900 quam
415 2832 536 2881 servam
555 2815 775 2899 reliquissent.

105 3022 109 3027 Ι
156 2934 214 3002 lX.
246 2934 293 3000 Et
309 2931 477 3018 proximus
495 2932 647 3035 deinceps
663 2950 793 3021 antius,
809 2936 957 3022 quamvis
1003 2979 1006 2986 ·

113 3048 262 3131 tissimus
278 3048 335 3114 iile
356 3050 396 3115 ad
412 3048 585 3116 libertatem
612 3067 650 3117 ac
666 3071 802 3137 pacem,
823 3074 885 3125 nec
902 3055 972 3141 ipse
993 3089 1018 3144 μ

99 3162 185 3233 'men
204 3164 308 3233 caruit
327 3168 418 3232 luctu
443 3186 482 3234 ex
498 3167 636 3235 duorum
660 3172 837 3241 amissione
862 3166 1013 3261 discip·

56 3284 60 3292 ’
110 3276 208 3363 tum,
231 3280 407 3365 insignium
426 3282 654 3367 progressibus
671 3303 709 3353 ac
734 3282 989 3373 singulari?

111 3398 148 3466 di
161 3400 360 3483 cupiditate,
378 3417 462 3483 quae
482 3398 630 3483 utrique,
650 3420 706 3487 per
722 3400 825 3471 studii
842 3396 1014 3491 vigiiirrt

114 3536 179 3601 que
200 3518 368 3601 quamdam
391 3518 485 3601 quasi
511 3514 813 3605 intemperantiam,
837 3518 972 3591 vineo

108 3628 296 3701 maturavit.

155 3739 247 3811 Prior
262 3740 325 3809 fuit
348 3740 382 3831 J.
396 3744 440 3812 D.
455 3744 618 3829 Boudrit,
643 3742 837 3819 Leidensis:
860 3750 916 3820 cui
939 3768 971 3837 ιιι
987 3779 997 3798 t

117 3860 197 3929 vivo
223 3859 396 3945 aliquoties
414 3862 631 3934 testimonium
649 3869 949 3955 impertiverimus,
967 3852 1003 3953 q¹

118 3975 313 4060 diligentiam
333 3996 421 4044 suam
438 3976 621 4057 fautoribus
639 3984 857 4071 approbaret,
875 4006 932 4057 mo
970 4007 999 4036 tu

122 4091 223 4180 hujus
246 4093 397 4181 publicae
424 4098 739 4169 commemorationis
765 4120 929 4193 expertem
952 4122 974 4191 p
