2362 4936
191 548 233 642 ῃ
472 534 847 629 emmone

199 783 222 827 „
234 734 410 814 Nondum,
422 727 589 816 inquam.”
608 774 629 812 „
639 731 758 818 ,Quare
772 735 909 803 nondum
920 733 971 802 ?”
995 726 1127 825 „Qidae

195 821 336 924 nondum
354 846 426 914 clio
441 849 522 912 setis
538 845 677 914 didici.”
722 887 744 930 κ
766 849 813 916 Tu
828 852 901 920 atta
916 853 1056 923 nondum
1071 873 1125 926 sa·

196 975 241 1039 sis
267 965 439 1036 didicisti?
460 984 619 1052 quaenam
641 958 770 1041 „ilici”
794 1007 815 1049 „
837 967 885 1034 Et
902 985 1022 1056 prosae
1040 975 1127 1040 sm.

191 1086 359 1177 ¹ptionem,
381 1081 535 1161 inquam,
549 1092 579 1144 et
592 1078 679 1143 elios
695 1082 815 1147 multas
832 1083 1028 1152 Literorum
1043 1106 1129 1174 par·

198 1192 284 1270 καθ’
329 1241 350 1276 ,,
373 1192 421 1260 Et
448 1205 578 1271 temen,
608 1191 739 1273 inquis,
763 1193 918 1281 pulcrum
940 1210 987 1261 est
1016 1214 1131 1266 uersus

190 1301 365 1406 fuceret'⁹
412 1354 433 1392 „
456 1306 519 1373 Est
533 1310 681 1388 omnino,
698 1307 850 1389 inquom,
867 1310 1018 1397 pulcrum
1029 1354 1042 1393 ,
1051 1315 1131 1400 pei·

201 1451 273 1498 cros
295 1443 404 1497 tersus
422 1421 565 1508 saeere;
586 1442 642 1488 nee
660 1411 750 1488 modo
765 1423 937 1511 pulcrum,
959 1429 1017 1494 sed
1027 1446 1132 1517 poene

200 1550 368 1631 ditinum
381 1544 576 1635 quedpoesis
588 1548 625 1610 in
641 1546 745 1610 ultum
761 1547 864 1617 euolat
876 1550 1041 1634 sublimis,
1052 1569 1135 1640 pro·

134 1745 148 1760 ἱ
203 1687 243 1735 so
260 1679 390 1745 eutem,
412 1676 450 1729 ut
465 1676 623 1744 uocatur,
645 1666 697 1727 ite
715 1677 761 1728 est
773 1664 933 1751 pedestris
947 1674 1076 1752 oratio,
1100 1682 1134 1738 et

202 1787 296 1875 humi
313 1782 434 1850 incedit
445 1796 458 1846 t
480 1802 530 1848 me
552 1782 678 1870 quidem
706 1803 795 1848 nemo
818 1783 970 1865 inducet,
994 1799 1032 1851 ut
1049 1787 1141 1857 int·

201 1902 339 1971 nitatem
372 1910 542 1984 appetem,
584 1911 757 1985 antequam
786 1899 1026 1967 humanitatem
1052 1909 1137 1972 setis

159 1991 163 2001 ¹
199 2002 443 2108 perceperim.’'
475 2004 666 2080 Fonteinius
678 2013 803 2095 placide
819 2015 1011 2097 subridens,
1035 2063 1063 2101 „
1080 2016 1137 2085 Ite

207 2145 276 2213 est,
298 2128 426 2211 inquit:
451 2147 542 2194 suum
565 2129 681 2215 cuique
695 2125 862 2208 judicium
888 2130 925 2193 in
948 2131 997 2195 his
1019 2131 1138 2221 studiis

208 2246 401 2318 seruandum
420 2257 465 2310 est
475 2265 487 2308 .·
509 2248 566 2331 qut
582 2243 672 2310 bonos
689 2263 798 2312 tersus
806 2243 925 2329 facere
935 2260 1059 2333 potest,
1078 2247 1142 2333 fa·

208 2368 280 2433 ciet
288 2389 302 2450 ;
317 2376 363 2430 est
378 2366 462 2428 enim
473 2364 636 2450 egregium
647 2365 726 2450 :qui
741 2356 803 2427 non
814 2375 940 2450 potest,
956 2384 995 2429 ne
1001 2364 1140 2447 fceiott

210 2493 258 2546 est
276 2464 361 2548 enine
387 2499 449 2545 non
474 2476 564 2545 modo
583 2480 704 2547 molum
730 2496 867 2566 poema,
897 2476 956 2544 sed
976 2481 1141 2547 mediocre

209 2600 332 2675 etiam,
354 2592 570 2658 intolerabilis
597 2611 669 2672 res,
688 2590 807 2673 judice
833 2591 993 2661 Horatio:
1021 2591 1145 2661 medio·

210 2711 320 2778 eribus
335 2727 398 2773 esse
407 2710 535 2795 poetis,
560 2724 622 2771 non
638 2706 799 2788 homines,
822 2728 884 2776 non
899 2702 969 2793 Di,
993 2728 1055 2777 nom
1071 2725 1148 2777 eon·

211 2842 332 2890 cessere
349 2824 538 2887 columnae:
560 2822 597 2886 in
620 2820 700 2887 aliis
727 2821 821 2889 rebus
845 2824 1054 2894 mediocritas
1071 2828 1148 2911 fer·

213 2954 294 3009 tue:
319 2956 421 3028 proso
443 2940 603 3026 scriptio,
631 2941 776 3026 quamtis
802 2941 992 3023 mediocris,
1023 2943 1146 3011 toleret·

214 3070 296 3125 tur:
319 3057 548 3144 quareiquie
562 3060 711 3141 cogimur
721 3072 822 3142 prese
838 3061 909 3122 uti:
930 3078 1041 3127 tersus
1049 3059 1147 3146 scee-

215 3192 256 3240 re
281 3191 369 3237 nemo
398 3175 551 3258 cogitur?
588 3168 761 3238 mediocres
787 3191 897 3239 ‘tersus
929 3177 1083 3240 nonnisi
1108 3179 1146 3240 in

212 3287 328 3378 pueris
352 3306 384 3351 et
399 3285 645 3352 adolescentibus
655 3287 793 3371 ferendi
809 3301 901 3369 sunt,
925 3290 1038 3377 quibus
1054 3293 1147 3379 pensi

110 3412 112 3416 ’
216 3402 285 3470 Ioco
300 3401 404 3467 datur
418 3401 497 3465 haec
514 3406 729 3485 exercitatio,
750 3406 843 3470 utilis
867 3424 945 3472 sane
970 3405 1018 3472 cd
1037 3427 1164 3482 nemea,

216 3538 331 3586 rorum
356 3514 580 3608 modorumque
607 3523 818 3606 cognitionem
834 3521 1062 3605 faciliorem,
1100 3521 1150 3590 cd

220 3635 361 3704 studium
379 3636 611 3718 excitandum,
629 3636 677 3704 od
686 3641 849 3725 ingenium
868 3638 1148 3706 exhilarandum-⁶

221 3769 346 3840 semper
369 3749 512 3838 equidem
535 3754 586 3816 ito
601 3751 776 3835 judicavi,
798 3754 909 3820 bonum
928 3769 1062 3842 poetam
1087 3777 1153 3826 esse

221 3883 285 3932 non
299 3879 408 3949 posse,
431 3866 495 3928 nisi
511 3867 586 3945 cui,
605 3879 744 3952 praeter
767 3870 929 3954 ingenium
957 3882 989 3934 et
1014 3865 1150 3956 linguat

224 3981 416 4058 scientiam,
438 3979 536 4043 etiam
553 3977 721 4045 doetrinae
742 3987 835 4070 copia
855 3981 962 4064 adsit,
985 3981 1079 4064 enjus
1095 4003 1153 4051 tc·

227 4103 349 4170 rietate
366 4097 478 4165 doecat
496 4111 526 4165 et
543 4096 698 4169 delectet:
719 4102 785 4185 toli
801 4100 925 4170 demum
943 4078 1154 4173 dominicum

1100 4238 1163 4298 ας,
