2362 4936
101 576 169 685 §16
303 576 322 633 ·'
371 562 541 662 ''ndu'iu
561 594 591 663 ο
612 564 644 664 u
665 564 735 679 ln

101 775 242 851 diritatis
254 772 295 848 ''et
303 758 311 811 '³
318 784 428 848 cultor
442 784 594 854 assiduus
603 748 619 863 ,¹
639 797 672 850 et
686 754 785 870 juder
801 772 1017 872 intelligentior
1046 853 1049 868 ,

103 908 200 979 quam
222 894 262 963 ab
282 897 353 979 ejus
377 911 477 963 aetate
493 912 524 964 et
543 896 631 963 brevi
651 900 835 988 studiorum
855 904 958 989 spatio
971 924 1013 973 ex·

100 1008 238 1095 spectari
253 1022 393 1092 poterat.

115 1122 290 1190 ²·Omnino
324 1124 446 1207 scripta
479 1144 548 1192 mea
574 1127 681 1194 omnia
722 1129 818 1196 valde
841 1132 1006 1217 expetebm,
1042 1104 1045 1109 Ι

104 1218 268 1323 frequenti
283 1239 474 1325 cognitione
491 1256 524 1307 et
542 1261 605 1309 usu
619 1244 767 1325 terebat,
790 1259 823 1312 et
839 1232 949 1331 siquid
960 1266 1012 1317 co·

104 1350 176 1423 mm
204 1355 385 1439 ignoraret,
407 1374 458 1422 me
485 1356 721 1441 interrogabam
747 1360 819 1426 sive
844 1380 941 1429 amore
959 1360 1007 1428 iiie

105 1470 188 1558 mei,
211 1474 280 1541 sive
296 1474 444 1560 judicio,
468 1493 503 1542 ea
533 1477 597 1542 sihi
620 1477 659 1543 ad
686 1478 887 1561 propositam
904 1468 1008 1547 studio¹

104 1608 177 1658 rum
200 1589 355 1656 rationem
385 1590 567 1655 conducere
588 1584 699 1670 ratus;
722 1592 822 1661 semel
853 1605 949 1660 autem
963 1610 1008 1659 tut
1043 1666 1048 1671 ,

107 1698 197 1789 gnita
211 1706 259 1769 sic
276 1702 427 1786 tenebit,
446 1705 540 1787 quasi
558 1706 590 1769 in
607 1705 647 1770 iis
664 1702 927 1791 habitareta'quid
942 1726 1006 1791 quo·
1042 1686 1049 1694 ⁸

108 1820 262 1903 queioco
277 1817 454 1900 dixissem,
473 1816 615 1885 subinde'
627 1819 743 1886 meiius
762 1837 856 1889 norat
869 1839 954 1906 quam
968 1820 1006 1903 ip·
1037 1802 1049 1901 J

108 1934 145 2006 ie
165 1938 268 2023 ego,¹
282 1954 398 2022 meque
421 1926 625 2004 dubitantem*
643 1951 698 2003 aut
721 1937 934 2022 ignorantem,
953 1952 1006 2003 cer·
1047 1913 1049 1918 ¹

106 2048 220 2125 durem
236 2048 389 2129 ficiehst.
856 2138 861 2149 Ι

110 2180 121 2271 '.
151 2174 228 2241 Fuit
257 2192 360 2258 nuper
394 2172 541 2241 simiolus
576 2172 773 2239 literatorum
800 2158 1008 2257 rgens'mequa

112 2281 275 2359 'conviciis
300 2291 478 2358 incessens.
524 2289 633 2376 Hujus
658 2288 851 2355 obscoenam
868 2286 1049 2376 genicula.-

109 2409 232 2476 tionem
251 2424 281 2473 et
299 2407 473 2474 absurdum
489 2406 659 2474 clamorem
675 2404 748 2471 Vos
767 2422 890 2471 mecum
911 2402 1009 2470 ridebt·

111 2516 177 2590 iis:
201 2521 444 2589 Wassenaerios
464 2519 557 2585 etiam
586 2517 745 2583 materiam
770 2517 835 2582 sibi
861 2509 1011 2585 eumfacit

109 2639 255 2706 'exercitii
277 2636 496 2722 grammatici,
517 2637 588 2719 ejus
612 2630 700 2699 forts
725 2647 756 2699 et
783 2631 939 2700 sermonis
951 2624 1012 2697 citit

111 2748 244 2821 uorans.
291 2752 383 2818 Adeo
402 2751 574 2844 pessimos
599 2751 736 2831 quosvis
763 2748 864 2818 libros
889 2749 1012 2821 insum

111 2860 208 2939 usum
225 2882 407 2935 convertere
426 2883 532 2949 norst,
576 2896 579 2901 ·

116 3004 120 3013 ·
150 2980 263 3046 Venio
280 2979 318 3045 ad
341 2980 531 3050 novissima.
573 2978 728 3048 Proximo
745 3000 856 3049 mense
873 2976 1014 3069 Maiohi·

110 3097 183 3163 bita
200 3110 250 3161 est
272 3095 381 3161 auctio
401 3095 557 3163 librorum
583 3098 690 3181 magni
707 3098 931 3184 Valckenarii,
951 3112 1028 3182 quo·

110 3200 184 3281 'rum
203 3214 238 3281 in
261 3212 460 3298 marginibus
487 3217 676 3298 plerumque
700 3230 788 3282 erant
814 3215 1018 3283 annotationes

115 3332 217 3414 hujus
241 3349 337 3396 manu
363 3331 523 3413 scriptae,
545 3332 603 3396 sed
627 3331 730 3397 variae
754 3351 889 3401 numero
918 3348 1021 3402 acmo·

105 3449 247 3527 memo,
266 3446 388 3511 ¹multae
403 3446 454 3511 vel
472 3464 612 3530 paucae,
629 3466 719 3513 verae
732 3452 781 3514 vel
801 3446 922 3533 falsae,
941 3463 1049 3537 prou·l

112 3562 141 3627 ti
165 3577 222 3626 aut
247 3561 358 3629 subito
381 3578 436 3628 aut
460 3565 602 3648 cogitate
620 3578 750 3631 notatae
771 3578 895 3635 essent.
937 3540 1049 3651 igitut³

109 3693 221 3743 emtor
235 3694 277 3742 ne
291 3677 512 3761 deciperetur,
528 3680 567 3745 ad
581 3675 835 3762 pervolutandis
848 3680 950 3749 libros
965 3694 1029 3749 cun

106 3791 241 3880 ¹judicio
257 3806 289 3856 et
306 3791 440 3857 scientia
456 3791 548 3859 etiam
575 3809 702 3879 tempus
718 3811 749 3861 et
764 3796 907 3862 laborem
924 3794 1035 3863 adferre

108 3908 264 3977 debebat.
284 3906 357 3972 Hoc
372 3905 451 3972 fucit
464 3907 786 3978 Wassenaetiuscum
797 3910 1036 3978 Vestrumnon·

103 4024 242 4104 bullis,
257 4022 313 4105 qui
331 4024 393 4108 jam
404 4024 528 4090 sciretis
548 4026 627 4108 quid
643 4028 796 4094 distarent
809 4046 879 4092 aera
895 4026 1037 4112 lupinis3

86 4140 270 4226 ‚mihique
295 4140 411 4215 utilem
433 4140 603 4232 indagandi
629 4160 754 4243 operam
774 4142 1001 4235 praestitistis.
