2362 4936
231 499 316 577 au
370 485 772 584 uuusn'rum.
951 523 989 604 ‚a

71 699 129 767 iem
152 694 332 767 coofinuos.
378 693 454 761 Hoc
471 711 528 761 sex
547 693 705 765 mensium
726 691 833 775 spatio
849 696 978 771 couleti

68 813 348 886 Animadversiones
362 811 397 883 in
414 810 591 885 Moralium
611 811 743 896 paginas
758 811 883 893 priores
901 831 979 880 cen·

65 949 139 1012 rum,
165 948 183 993 a
205 928 317 996 libello
342 926 396 994 De
416 924 618 993 Educatione
640 926 682 991 ad
705 910 979 1023 Consolationem

57 1046 225 1130 Apollonii,
268 1044 315 1112 Et
329 1043 504 1128 hucusque
526 1045 721 1130 profeceram
739 1049 791 1116 luis
808 1046 891 1131 ipsis
910 1047 978 1115 die·

56 1158 128 1242 bus,
148 1177 250 1242 quum
276 1175 374 1242 ecce,
396 1160 504 1231 denuo
530 1159 606 1226 belli
622 1174 796 1247 tempestas
819 1161 976 1249 intonat,

55 1292 124 1376 post
147 1280 280 1343 brevem
307 1277 401 1361 pacis
431 1293 563 1351 usuram
591 1280 736 1353 nondum
762 1294 899 1354 recreem
921 1300 981 1364 pa·

56 1394 131 1477 tria,
151 1395 251 1469 immo
270 1407 435 1477 tamquam
461 1395 580 1478 primae
603 1395 722 1478 quietis
742 1397 831 1469 dulci
848 1398 979 1469 somnio

54 1510 161 1577 lactata
187 1521 221 1583 et
251 1524 330 1574 mox
348 1525 498 1582 excussa.
543 1507 648 1592 igitur
669 1508 865 1577 Plutarchus
891 1528 982 1580 meus

55 1648 160 1696 rursus
189 1642 376 1700 commeatu
408 1644 482 1693 cum
512 1624 755 1695 oxoniensibus
779 1629 980 1702 excludetur.

51 1744 108 1811 Sed
123 1746 208 1827 hoe,
230 1758 263 1808 et
283 1743 420 1815 ommno
447 1762 550 1813 meum
581 1761 677 1815 omne
697 1744 888 1830 negotium,
911 1745 984 1819 levo

55 1875 99 1934 est
118 1879 191 1942 prae
215 1859 341 1942 patriae
358 1861 496 1927 damno:
523 1860 614 1941 quod
634 1859 709 1943 quis
725 1860 852 1930 taudem
871 1859 981 1930 bonus
1090 1860 1096 1875 '

55 1975 132 2043 civis
149 1995 218 2043 non
234 1975 353 2044 lubens
367 1977 420 2043 vel
436 1995 499 2043 suo
514 1975 720 2044 incommodo
733 1974 891 2042 redimati
908 1973 985 2043 Utis

56 2111 145 2187 uam,
178 2093 239 2178 qui
265 2095 402 2178 populis
428 2107 601 2187 praesunt,
634 2093 802 2161 Platonem
824 2066 984 2177 legerentl

61 2213 181 2290 mellent
198 2207 352 2294 profecto
365 2213 535 2287 οὶλιιιῖοιοι
557 2228 655 2293 quam
675 2214 810 2291 ἀδικεῖν,
832 2208 986 2296 injuriam

66 2327 141 2393 ferre
165 2346 256 2410 quam
285 2324 403 2394 inferre
425 2341 482 2392 aut
505 2327 638 2399 referre:
662 2342 713 2408 et,
736 2326 896 2408 siquidem
918 2304 989 2392 bel}

64 2447 126 2512 lum
140 2463 185 2514 est
203 2444 350 2523 malum,
373 2458 410 2510 ut
437 2460 532 2509 nemo
548 2442 702 2521 dubitat,
726 2445 858 2513 mallent
878 2420 987 2525 philo-¹

62 2562 203 2644 sophnri,
226 2578 327 2642 quam
346 2559 484 2628 bellare:
502 2559 666 2629 studerent
682 2577 745 2625 suo
760 2558 824 2641 ipsi
838 2560 986 2644 exemplo
1032 2635 1036 2643 ,

59 2694 150 2746 ratam
166 2675 273 2745 iacere
290 2690 323 2743 et
339 2676 471 2760 implere
487 2675 628 2743 nobilem
648 2675 734 2742 illam
760 2676 905 2743 Platonis
926 2697 987 2745 va·

58 2793 299 2879 ticinationem,
330 2793 504 2882 (Republ.
532 2793 576 2869 V.
600 2813 636 2877 p.
653 2795 732 2876 466.
758 2794 828 2877 B.)
860 2799 914 2866 ἑιὶι
935 2799 984 2891 μὴ

58 2914 122 2993 ici
143 2916 310 3001 φιλδσοφοο
331 2915 553 2996 βασιλεύσωσιν
579 2915 612 2981 ἐι
636 2921 706 2988 σοις
732 2909 880 2992 σι’λισιο,
910 2911 929 2991 ἢ
956 2912 985 2982 o!

63 3033 195 3112 βασιλεῖς
219 3059 256 3102 σι
279 3037 331 3100 οἷον
355 3032 511 3114 nesiorum
526 3030 577 3099 eal
591 3030 740 3103 iurdrrar
756 3031 990 3117 φιλοσοφήσωσι

62 3152 183 3228 mucha
201 3174 240 3224 σι
256 3147 309 3216 eal
331 3149 467 3229 inethe,
487 3147 540 3216 real
558 3153 646 3224 σοιὀσο
663 3149 705 3225 ris
722 3150 832 3219 taurii
847 3149 991 3234 ξομσέσυ

63 3263 185 3348 δύναμις
201 3267 394 3343 recoleretis
414 3266 466 3334 ιιοιὶ
482 3268 653 3352 φιλοσοφιιι
674 3302 717 3321 ·-
737 3269 794 3337 orie
806 3266 869 3336 ἔστι
891 3274 993 3339 aazia

67 3395 190 3468 σαῦλα,
212 3387 236 3456 ὦ
258 3389 335 3471 φίλε
352 3388 521 3469 ruitur,
544 3399 615 3465 σοιῑι
637 3388 774 3459 elneus·
797 3390 870 3456 δοκῶ
888 3390 920 3456 tl
940 3391 994 3457 oi·

68 3502 98 3582 il
113 3508 151 3588 τῷ
167 3505 338 3588 &somello
355 3504 451 3585 γὲιιι.
495 3504 541 3570 At
557 3521 641 3583 nos,
665 3502 806 3585 quinon
831 3504 993 3591 regimus,

71 3618 121 3685 sed
140 3620 302 3705 regimur,
326 3617 361 3685 in
386 3619 449 3690 hoc
468 3634 553 3684 certe
569 3616 859 3701 philosophemur,
884 3631 921 3685 ut
936 3637 996 3702 pa·

72 3749 188 3800 reamus
213 3732 397 3801 rectoribus
421 3733 567 3812 nostris,
590 3751 664 3799 cum
688 3731 901 3814 hominibus,
925 3746 996 3807 tum

75 3866 214 3933 supremo
241 3849 391 3927 omnium
422 3849 539 3915 rectori
566 3848 667 3917 Deo:
710 3849 869 3932 quidquid
899 3849 996 3918 nobis

78 3980 190 4044 praeter
204 3983 353 4036 nostram
383 3965 508 4048 culpam
536 3966 708 4049 acciderit,
731 3981 768 4033 ut
791 3968 830 4032 ab
856 3969 914 4042 illo
940 3966 1003 4041 imp

80 4077 225 4173 missum,
246 4099 355 4171 sequa
377 4096 482 4156 mente
508 4081 730 4176 accipiamus,
753 4098 944 4169 semperque
968 4080 1001 4147 io

540 4197 633 4288 'As
900 4211 1014 4281 prome
