2362 4936
2 17 1009 261 ψ

165 588 235 672 rto
443 516 821 665 'arr-stoma

133 803 140 814 ·
162 765 334 852 humanam
353 781 479 847 ornnem
498 779 593 845 unic'e
618 779 638 848 d
663 779 814 846 sensibus
842 775 992 860 corporis

163 909 349 963 statuentes.
393 894 468 961 Fuit
484 893 577 958 etiarn
600 895 728 959 tertium
748 912 850 977 genus
871 894 1009 960 Philoso

164 1026 235 1078 nrm
252 1011 338 1079 inter.
349 1022 505 1090 utrosque
516 1006 740 1091 interjectum,
755 1009 908 1074 notiones
930 1008 1003 1074 iiius

164 1127 304 1192 uersales
320 1106 397 1191 alias
422 1122 622 1204 antiquiores
649 1120 823 1202 sensibus,
846 1122 966 1188 aliasd
991 1141 1006 1188 s

166 1243 234 1337 bos·
257 1257 369 1321 ortas,
399 1239 610 1306 censentium.
663 1237 709 1303 Et
739 1237 867 1337 quidam
898 1254 1009 1321 angust

168 1360 301 1445 qnidam
326 1357 425 1424 latius
450 1354 699 1439 Metaphpsi'ca‘e
727 1353 806 1420 hnes
823 1355 1007 1437 aperiebant

168 1479 222 1545 vel
233 1478 304 1544 sold
322 1474 499 1560 Ontoiogid
513 1471 1009 1558 eamcirctrmscriberetrt,vei'1

169 1591 313 1678 logiam,
330 1604 427 1673 atque
445 1590 525 1657 adeo
541 1588 788 1675 Psycheiogiam
806 1605 836 1657 et
851 1593 1008 1660 Costn'olo

169 1709 199 1776 ei
225 1709 386 1774 adderent.
430 1706 554 1773 Omnes
574 1721 678 1771 autem
706 1706 739 1772 in
764 1723 803 1772 eo
828 1707 1009 1773 consentieh

169 1841 209 1894 ut
224 1844 292 1893 eam
312 1822 446 1892 scientis
463 1823 704 1906 principiorum
728 1824 1009 1906 elementorumque

167 1940 327 2023 gnicionis
353 1939 510 2005 humanae
532 1938 722 2020 definirent3
746 1955 805 2019 ut,
828 1942 1009 2020 quemadmu

167 2052 382 2137 Philosophia
399 2053 544 2121 omnium
564 2068 764 2120 *caeterarum
795 2055 1009 2122 scientiarum⁴

169 2167 396 2252 Metaphysica
413 2167 518 2235 totius
536 2167 765 2251 Philosophiae
790 2169 909 2236 semina
924 2190 961 2238 ac
979 2170 1009 2237 fu

168 2302 278 2354 menta
300 2286 494 2352 contineret.
539 2285 648 2368 Atque
664 2284 722 2349 hac
746 2284 902 2351 ubertatis
923 2299 1009 2353 auctr

44 2456 47 2464 .
168 2405 280 2488 cisque
299 2402 540 2499 existimatione
556 2401 667 2467 ‘adhoc
694 2399 850 2481 florebat,
880 2399 955 2466 licet
976 2403 1009 2485 pt

171 2542 236 2606 que
256 2525 325 2608 eius
346 2539 451 2607 partes
473 2520 621 2588 firmitate
637 2520 859 2602 evidentiaque
876 2521 1009 2588 scientia

168 2654 287 2712 terent.
338 2640 444 2728 Q'uam
476 2639 656 2706 firmitatem
687 2638 827 2708 Kantius
850 2638 1009 2728 Memphys

171 2757 345 2824 conciliare
363 2756 519 2840 studens,
542 2769 575 2823 et
593 2757 847 2826 animadvertens
874 2779 910 2827 se
931 2759 964 2827 id
980 2778 1009 2826 cc

171 2875 232 2960 qui
249 2893 316 2941 non
333 2890 452 2956 posse,
463 2874 492 2940 si
509 2874 580 2958 ejus
595 2888 628 2939 et
643 2877 913 2959 amplitudinem,
934 2891 965 2944 et
982 2895 1009 2945 ct

168 2988 272 3058 tionis
291 2988 475 3072 veritatem,
500 3007 593 3071 quam
619 2990 867 3075 objectiritatem
885 3006 1001 3064 vocant

168 3104 272 3173 tinere
298 3104 421 3186 veliet,
458 3116 524 3171 cam
551 3104 688 3188 primum
720 3110 759 3175 ad
787 3129 892 3194 pauca·
919 3114 1009 3178 eleme

172 3219 286 3287 deinde
310 3221 350 3286 ed
381 3218 590 3301 ophrionem,
624 3220 898 3304 suh’ectiritatcm
921 3227 1009 3310 vulg<

171 3349 281 3415 ctam,
302 3333 483 3401 revocavit:
513 3337 665 3402 elementa
691 3337 790 3422 igitur
810 3341 1009 3424 Experientii

170 3453 315 3535 tiquiora
340 3451 511 3519 constituit
537 3451 699 3518 duodecim
721 3456 936 3539 categorias,
959 3477 995 3525 ac

173 3568 326 3635 intuendi
348 3569 542 3636 conditiones
566 3569 698 3657 Tempus
720 3571 947 3658 adpetitam
977 3593 1009 3656 qt

175 3685 364 3766 clementis,
386 3684 487 3751 veluti
515 3683 650 3768 formis,
679 3684 750 3751 visa
777 3705 929 3754 sensuum
954 3708 1009 3774 per

171 3800 361 3886 perientiam
385 3798 494 3867 infusa
513 3802 671 3885 suscipiat
694 3818 725 3867 et
752 3807 973 3871 accommodet
998 3811 1009 3872 Ι

167 3918 297 4001 iectus3
321 3935 358 3984 ut
374 3938 407 3984 ea
421 3918 575 4002 percipiat
594 3936 626 3985 et
641 3918 763 4004 cogitet
780 3940 846 3987 non
870 3926 1009 4004 quahar

172 4052 210 4104 sa
231 4035 331 4114 sunt,
355 4037 410 4101 sed
435 4036 541 4118 quatis
558 4037 591 4103 in
612 4035 678 4103 illis
703 4034 816 4105 formis
834 4038 1009 4107 formatas

179 4165 247 4224 tur.
299 4151 367 4222 lam
391 4169 427 4222 ut
455 4154 522 4223 isto
545 4151 584 4224 de
604 4167 792 4223 commento
809 4170 895 4224 recte
910 4158 1009 4247 judin
