2362 4936
111 544 177 626 Μ
393 541 800 659 ERISTOLA·

107 732 266 824 cognitos
287 747 324 797 ac
345 743 558 817 pertractatos
584 729 773 814 habuisset,
795 729 815 797 i
838 727 966 796 multis.

99 830 273 932 'amoribus
291 846 443 914 cavisset.

133 960 232 1036 ,ΕΚ
255 963 422 1030 Fortasse:
447 962 510 1035 nisi
528 983 600 1035 eum
617 983 721 1032 novae
738 977 844 1037 sectae
856 963 966 1034 condet

108 1083 214 1171 gloria
235 1080 426 1163 decepisset.

109 1173 116 1181 ⁵
151 1183 184 1277 ἧ.
209 1194 268 1262 W.
292 1192 966 1285 inhacrgttnrennoeogonraprioruo,qu

108 1312 164 1382 vis
190 1309 382 1381 brevissime
405 1311 614 1407 adumbrati,
641 1312 793 1382 notiones
824 1329 966 1396 appetem

110 1428 297 1515 Categonis
318 1428 517 1506 censendae,
539 1443 571 1495 et
596 1428 615 1494 l
641 1425 786 1497 criticae
807 1427 966 1510 Philosop‘

110 1561 245 1628 auctore
258 1546 417 1615 omissae:
427 1544 528 1612 veluti
537 1543 739 1610 Conscientia
752 1544 802 1610 sui
811 1561 824 1605 .·
834 1543 966 1631 Princip

108 1664 387 1752 Repugnnntioa:
408 1659 552 1749 Aliquid
569 1673 601 1727 et
622 1661 742 1726 Nihil:
766 1659 887 1726 Verum
904 1675 935 1726 ct
957 1685 966 1725 r

99 1776 180 1850 'suna
191 1799 204 1842 .·
226 1776 347 1842 Bonum
360 1788 392 1840 et
413 1775 545 1841 Malum
556 1796 571 1838 .·
593 1774 750 1841 Pulcrum
765 1789 796 1841 et
814 1775 966 1879 Turgcrl'

102 1897 233 1978 fectum
253 1908 284 1959 et
308 1876 561 1989 imperfectum:
584 1888 673 1956 Ordo
698 1904 729 1955 et
755 1891 965 1989 Confusin,(

109 2013 160 2098 fre
182 2011 234 2094 nni
256 2010 421 2095 iratior
444 2024 529 2091 quae
552 1992 703 2102 ¹profecto
730 2022 761 2071 et
792 2006 966 2104 theoretica<

114 2133 252 2202 maxime
266 2132 462 2211 universales
482 2146 578 2214 sunt3
601 2150 659 2211 nec
676 2130 771 2211 facile
787 2132 855 2201 illis
870 2134 966 2200 duode

112 2261 276 2332 tamquam
304 2263 410 2332 partes
437 2247 640 2327 subordinari
664 2261 818 2335 possunt.
872 2253 911 2319 ln
930 2266 966 2324 uu

112 2337 328 2456 Philosophia
349 2363 472 2445 Critica
489 2381 528 2430 ex
547 2362 612 2429 illis
633 2363 762 2428 duobus
787 2361 893 2430 omnis
916 2382 966 2448 cop

113 2480 215 2559 tionis
231 2479 470 2565 fundamentis,
483 2490 516 2554 et
532 2478 622 2543 otnni
639 2491 767 2552 naturae
780 2476 964 2561 cogitantip

109 2595 261 2677 sentibus
284 2595 377 2688 quasi
391 2588 591 2674 luminrltus,
615 2593 819 2681 Principiis,
843 2594 966 2682 Rapugn

111 2714 181 2776 tiae
203 2724 234 2775 et
256 2712 416 2790 Cauarae,
438 2724 474 2775 ut
501 2709 580 2775 illud
606 2709 792 2793 omittitur,
815 2713 865 2777 sic
887 2711 947 2778 hoc

109 2824 251 2909 tegoriae
273 2823 456 2892 Relationis
480 2826 677 2916 subiicitur,
700 2848 738 2894 ex
765 2829 883 2907 illustri
905 2830 966 2896 loct

110 2942 265 3027 angulum
295 2939 470 3027 abjicitur,
492 2957 524 3009 et
548 2943 686 3021 omnino
706 2948 800 3029 quasi
819 2944 956 3013 ludibrio

108 3032 219 3123 betur.
263 3056 346 3122 Nam
375 3057 467 3122 datur
491 3057 519 3122 ei
543 3058 578 3123 in
600 3058 786 3143 Catcgoriis
807 3062 966 3140 necessita:

109 3168 288 3237 auctoritas
322 3170 535 3255 universalior
566 3174 672 3250 cadero
704 3176 733 3239 ei
771 3175 804 3251 in
834 3175 966 3259 Experie

107 3285 283 3370 adimitur,
300 3304 358 3352 nec
375 3285 570 3369 relinquitur
589 3287 653 3355 nisi
671 3286 882 3374 probabilitas
900 3307 966 3355 exn

107 3398 250 3464 titudine
275 3413 306 3464 et
330 3399 497 3467 iteratione
521 3404 737 3485 exemplorum
766 3419 851 3470 nara.
902 3401 966 3479 Urr

107 3531 173 3594 quc
196 3528 325 3580 temere.
368 3514 414 3580 Et'
439 3532 538 3597 quant
568 3496 827 3609 Metapltysicarp
858 3534 966 3586 nonu

106 3605 189 3713 lines
209 3628 435 3711 Experientiae
455 3612 616 3728 pertinere¹
633 3635 726 3715 vult,
749 3633 783 3701 in
810 3634 922 3717 prioris
939 3635 966 3699 ht

103 3740 262 3827 Principii
295 3744 361 3810 vinr
388 3744 572 3817 labefactat.
630 3747 737 3834 Negat
761 3750 845 3817 enirn
871 3748 963 3823 illud.

105 3861 264 3945 adducere
290 3861 328 3925 ad
354 3840 574 3959 cognitionem
594 3863 736 3931 Caussae
754 3868 874 3948 primae
892 3885 965 3934 omn

104 3994 233 4059 retunt,
257 3974 290 4040 id
317 3991 386 4057 est,
414 3975 499 4043 Dei:
521 3993 617 4066 negat
635 3981 714 4055 illud
737 3983 847 4050 locunt
867 3984 966 4051 haben

102 4091 268 4179 Libertate
285 4090 443 4180 humanae
457 4096 656 4179 >voluntatis
698 4095 816 4199 ltaque
834 4101 966 4182 simillip
