2362 4936
207 578 254 669 ,ι
472 571 563 640 nn
627 567 884 642 osrru

206 779 314 832 rarum
330 759 408 834 orbe
424 759 504 826 urbs
520 758 714 828 Parisiorum
725 803 738 839 ,
749 775 844 856 quam
861 767 1042 840 spectatum
1063 758 1152 846 piu

205 880 280 948 rimi
301 876 447 959 undique
466 877 631 945 confluant
649 875 799 958 hospites
821 886 855 940 et
871 874 1057 961 peregrini,
1079 877 1146 946 ho·

205 1011 276 1063 runt
293 1010 389 1063 nemo
405 1004 494 1071 erat,
519 964 722 1073 quiquidem
738 1004 807 1055 nou
829 1004 965 1069 prorsus
991 1001 1080 1055 esset
1102 989 1146 1059 th

204 1110 298 1188 pruni
322 1107 489 1177 doctrinae
510 1106 605 1170 cultu
628 1103 776 1185 alicnus,
810 1100 891 1184 quin
917 1102 1146 1179 Vilioiuonum

126 1203 134 1220 ⁰
202 1226 325 1295 adiretr
347 1241 442 1290 nemo
458 1239 531 1289 eum
545 1219 674 1301 adibat,
695 1218 750 1286 cui
767 1237 836 1286 non
860 1218 984 1300 aliquid
1008 1219 1145 1291 consilii

207 1357 240 1410 et
258 1358 373 1426 operae
389 1340 430 1405 ad
446 1356 549 1407 rerum
578 1335 812 1418 hominumque
834 1336 1059 1421 cognitionem
1079 1338 1146 1408 im*

206 1459 353 1546 penitet.
389 1456 490 1525 Nulla
506 1456 572 1523 fere
589 1473 640 1523 trs
657 1468 743 1538 erar,
761 1454 842 1539 quin
859 1469 890 1521 et
904 1473 970 1530 eam
988 1455 1145 1528 factitata.

205 1589 256 1645 tes
279 1586 335 1639 aut
352 1572 529 1653 docentes,
551 1585 583 1636 ct
607 1580 675 1636 nm
691 1569 756 1637 sihi
777 1570 888 1640 suisve
913 1572 1140 1659 requirentes,

198 1686 386 1756 ¹Vilioisoui
412 1686 721 1761 commendationem
742 1699 951 1772 ulpererent3
975 1690 1062 1757 unde
1083 1691 1143 1758 lio·

143 1821 148 1828 ·
204 1805 283 1895 bat,
305 1819 362 1889 ut,
382 1803 529 1873 Socratis
555 1802 678 1886 inurar,
700 1803 884 1874 communis
907 1819 994 1876 esset
1021 1807 1144 1885 docem

200 1917 288 1993 tium
311 1917 572 2001 discendumque
597 1917 810 1999 conciliator,
832 1933 866 1985 et
893 1920 1056 2003 gratuitus
1085 1923 1137 1990 irr-

202 2030 604 2120 atitutionisnmoderator.
649 2028 818 2113 Omnino,
850 2030 907 2114 qui
935 2033 1039 2117 tnagis
1070 2032 1142 2109 offi.

202 2150 341 2232 ciosus‚
363 2148 467 2234 magis
481 2149 522 2235 ad
536 2148 791 2232 promittendum
808 2146 989 2233 benignus,
1007 2148 1042 2217 in
1062 2170 1140 2235 pro·

132 2311 141 2322 -
205 2267 317 2335 missis
344 2263 501 2334 faciendis
521 2244 659 2350 diligens
685 2276 717 2332 ct
740 2264 922 2332 industrius
946 2263 1070 2347 fuerit,
1092 2264 1143 2334 fa·
1167 2332 1172 2344 ,

202 2391 275 2455 teor
298 2400 350 2449 me
371 2380 568 2466 cognovisse
591 2382 762 2450 neminem.
811 2379 862 2447 lta
883 2395 970 2452 :tunc
995 2381 1141 2459 vivebat.

176 2495 332 2584 insigni
361 2494 542 2567 Literarum
570 2497 728 2580 scientia,
760 2497 977 2580 Graecarum,
1007 2497 1144 2573 Latinu-

201 2631 298 2696 rum,
320 2611 553 2695 Orientalium,
575 2615 638 2701 jam
656 2632 737 2697 puer
753 2614 954 2686 celebratus:
975 2615 1139 2711 vigesimo

203 2726 319 2797 aetatis
341 2744 427 2797 enno
452 2730 575 2814 collega
593 2730 784 2805 Academiae
806 2732 1060 2818 inscriptionum
1077 2731 1139 2806 Ps-

191 2842 322 2937 riainae
339 2843 492 2928 additus,
509 2864 586 2922 mort
601 2847 681 2920 duat
695 2848 848 2932 praelegit
866 2849 1138 2934 Disputationes,

103 2976 113 3031 ·,
201 2963 335 3030 alteram
353 2958 393 3027 dc
415 2960 519 3032 Ludit
537 2964 690 3046 Nostris,
707 2964 838 3030 alteram
862 2960 904 3030 do
921 2968 1014 3039 Arra
1031 2960 1139 3032 Grae·

202 3098 316 3148 aarum
341 3078 488 3166 vulgari.
541 3077 628 3146 Tum
654 3078 826 3165 Apollonii
850 3076 998 3147 Lexicon
1017 3077 1137 3147 Home-

187 3198 310 3293 ¹uicum
335 3195 457 3281 edidit,
486 3214 516 3265 a.
545 3214 642 3281 1773:
678 3196 818 3278 indeque
839 3215 874 3262 se
897 3196 938 3262 ad
965 3194 1134 3266 Eudocitc

199 3311 370 3381 violetum
405 3313 581 3380 ornandum
610 3310 716 3379 dedit.
769 3310 869 3397 Quod
897 3311 974 3377 dum
1005 3322 1136 3393 ageret,

200 3427 389 3511 frequentes
412 3429 447 3498 in
463 3448 502 3496 eo
519 3428 604 3495 libro
622 3428 688 3496 loci
704 3447 743 3496 ex
761 3426 905 3499 Cornuti
930 3426 969 3493 de
992 3425 1072 3493 Diis
1095 3424 1137 3493 ll.

199 3544 314 3635 pello,
336 3547 377 3613 ad
399 3546 497 3633 hujus
525 3544 697 3613 editionem
727 3543 965 3629 suscipiendam
986 3560 1061 3610 eum
1078 3541 1140 3613 im·

199 3664 371 3748 pulerunt.
414 3661 446 3728 A
469 3681 536 3746 quo
555 3679 626 3729 eum
651 3661 846 3746 proposito,
869 3659 1058 3727 Ruhnkenii
1080 3657 1136 3732 td·

202 3776 346 3846 monitio
366 3776 492 3847 avertit.
523 3775 646 3862 Magna
659 3757 812 3859 deinceps
829 3787 940 3840 secuta
958 3771 1009 3839 e'st
1026 3786 1059 3846 et
1073 3771 1158 3873 pris

201 3895 300 3965 vatim
328 3909 359 3973 et
387 3895 517 3979 publice
538 3894 747 3967 vicissitudo.
797 3891 905 3963 Editis
941 3888 1051 3976 lason
1078 3889 1139 3963 Pa·

37 4062 41 4069 .
125 3981 130 4108 '-
191 4007 385 4087 ‚sroralibus
416 4008 548 4080 Parisiis
584 4029 670 4080 anno
704 4015 808 4093 1778,
840 4008 1006 4093 Venetiam
1027 4005 1143 4093 prole·

191 4134 302 4205 etur,
318 4135 459 4208 quatuor
472 4123 520 4196 ibi
536 4142 640 4198 annua
656 4123 842 4200 consumsit
863 4122 1035 4196 codicibus
1056 4123 1140 4199 scri·

1065 4237 1135 4326 ntia

755 4425 838 4446 neb-v...
