2362 4936
762 387 767 399 Ι

162 619 224 688 nn
246 600 642 688 murmurantium
656 606 811 692 faunu.
893 619 957 710 ms

86 804 149 870 ritu
174 795 399 885 recensentur,
431 805 621 890 intelligitur
650 808 874 875 Antisthenen
899 824 966 880 stn-
981 786 1047 889 seca}
1063 835 1123 893 vn·

86 937 161 1000 sse,
193 919 338 984 Animam
366 915 509 1001 Corpori
536 921 742 1003 superstitem
761 941 843 990 esse.
890 925 963 990 Huc
980 901 1113 1024 ffi‘ss,

89 1033 179 1112 edit,
202 1033 290 1113 quod
315 1048 412 1097 nemo
439 1036 591 1100 Veterum
615 1035 779 1119 prodidit,
802 1053 874 1102 eum
895 1038 961 1131 'hat
979 1043 1033 1084 ses.

86 1173 175 1240 parte
191 1174 209 1222 a
230 1153 585 1222 Sotraiedisseusisse.
617 1154 724 1240 Quod
739 1171 962 1252 argumentum

86 1273 211 1339 silentio
235 1272 420 1337 desumtum
449 1286 515 1337 non
542 1272 603 1338 est'
624 1272 749 1343 nullius
786 1275 961 1356 momenti,

91 1409 160 1473 ppe
184 1391 371 1471 pierumque
406 1385 571 1468 Veteres,
590 1387 648 1469 qui
679 1404 873 1469 supersunt,
904 1389 967 1471 Hl-

86 1508 156 1572 riae
180 1503 427 1588 Philosophiam
452 1505 657 1587 Scriptores,
682 1504 859 1588 -diiigenter
892 1505 965 1571 fus·

86 1635 111 1687 ,t
136 1621 170 1688 ln
196 1619 408 1686 memorandis
432 1617 583 1703 placitis,
608 1617 776 1699 quibust
798 1616 961 1702 magistris

86 1754 210 1806 sensere
231 1735 402 1819 discipuli.
639 1740 668 1749 ''
703 1737 708 1749 '
891 1748 895 1755 '
944 1756 947 1761 ·

86 1849 298 1918 rotisthenem
325 1849 370 1914 ita
394 1862 527 1916 secutus
552 1859 602 1914 est
620 1858 879 1931 naoorrsss,
903 1848 960 1917 st*
977 1872 1116 1939 nsaw

86 1967 212 2046 sensis,
235 1981 272 2032 ut
299 1967 409 2032 relicti
433 1965 573 2052 Physici
598 1980 634 2032 et
661 1963 834 2037 Dialectici
852 1965 961 2034 Philo-

86 2083 172 2150 siriae
191 2088 302 2166 parts,
328 2084 429 2150 solam
453 2082 610 2149 Moralem
636 2083 811 2164 retineret,
825 2100 960 2168 ermque

86 2197 203 2265 victus
228 2195 402 2282 duritiem,
424 2186 635 2281 patientiam,
658 2210 763 2263 veram
781 2198 961 2266 Animi-ii·

86 2329 188 2400 tstem
198 2348 216 2400 ,·
232 2305 439 2400 voluptatum
458 2315 715 2401 opinionumque
732 2331 955 2400 contemtum,

86 2445 173 2500 erret.
218 2432 270 2499 lie
287 2432 357 2498 lr'oc·
370 2432 444 2498 viro
461 2449 561 2515 quum
583 2433 685 2498 multa
700 2433 877 2517 mirabilia,
898 2454 957 2502 nse

86 2564 137 2614 ‚en
167 2546 274 2614 omnir
294 2548 382 2612 certi
408 2545 490 2628 lide,
513 2554 728 2614 memorentur
744 2550 829 2615 dicta
852 2565 884 2615 et
907 2549 957 2616 fa·

86 2707 107 2743 ‚
139 2662 187 2728 nll
214 2676 321 2728 tamen
343 2662 501 2745 ejusmodi
528 2663 694 2745 proditum
725 2676 848 2744 exstat,
871 2665 957 2731 unde

86 2781 115 2844 :i
132 2775 259 2843 ratione
280 2776 478 2859 colligatur,
502 2792 585 2858 quae
607 2772 708 2841 fuerit
727 2776 797 2860 ejus
826 2791 955 2845 senten.

94 2893 139 2958 de
155 2891 346 2959 Animorum
358 2888 480 2956 -futuro
498 2904 597 2958 statu.
635 2889 732 2958 'Risit
754 2891 810 2957 ille
824 2891 955 2973 quidem

86 3004 313 3087 ›erstltionem,
329 3007 393 3088 qui
416 3008 517 3091 vulgo
528 3005 708 3090 ferebatur,
722 3007 867 3076 initiatos
876 3023 954 3092 post

86 3137 165 3191 rtem
185 3125 306 3191 meliori
323 3125 395 3190 fore
415 3125 603 3191 conditione
620 3145 715 3208 quam
732 3145 788 3193 eos
813 3127 952 3210 quinon

86 3254 138 3306 ent
165 3240 298 3309 initiati.
333 3241 399 3309 vid.
431 3240 534 3324 Diog.
565 3240 674 3308 biert.
700 3241 758 3307 Vl.
783 3260 837 3326 39.
881 3245 952 3311 Nee

86 3371 131 3422 ren
153 3354 231 3423 hine
254 3357 411 3438 efficitur,
437 3375 510 3424 eum
531 3357 682 3424 statuisse
705 3360 857 3428 Animum
875 3380 952 3430 eum

86 3488 179 3554 rpore
204 3474 382 3558 exstingui.
434 3474 468 3541 si
495 3491 567 3539 vere
590 3474 635 3539 its
664 3475 789 3558 sensit,
822 3490 858 3542 ut
882 3477 952 3560 ejus

85 3600 152 3655 tum
183 3604 377 3656 memoratur
401 3590 441 3657 ab
465 3590 573 3657 rodem
593 3590 745 3675 Diogene
765 3591 874 3661 Laert.
892 3594 951 3662 vt.

86 3746 95 3787 ‚
114 3702 369 3792 Interrogatus,
391 3727 436 3771 an
461 3727 546 3773 mors
562 3707 802 3790 salum'errrr,
825 3727 953 3798 respon·

87 3821 287 3908 :Quomodo
310 3822 431 3889 malum
450 3826 503 3887 -sir
527 3821 619 3905 cujus
639 3829 822 3910 praesentis
843 3825 951 3893 mlius
1042 3810 1045 3814 ¹

91 3935 247 4003 ,Μεθ’
269 3937 332 4004 hoc
351 3935 499 4020 quamvis
525 3937 633 4005 verbis
659 3939 786 4020 quidem
808 3939 951 4021 proxime

86 4064 153 4116 etur
180 4050 329 4120 accedere
353 4052 392 4115 ad
416 4067 523 4116 eorum
547 4050 754 4132 opinionem,
785 4051 843 4133 qui
869 4054 951 4121 Ani·

86 4186 112 4235 m
131 4184 238 4235 morte
254 4165 414 4250 Corporis
429 4166 560 4234 interire
575 4181 775 4252 statuerent,
788 4185 833 4253 ,re
845 4182 949 4246 tamen

488 4280 602 4372 Qus
892 4285 951 4363 ω·
