2362 4936
101 551 165 645 2³6
227 542 579 622 rnmnnomctllt
598 564 646 614 rx
666 545 893 619 nutrioris

107 738 252 826 nundi,
275 738 390 807 oritur.
442 733 488 801 Et
512 749 613 816 quum
639 731 690 798 vis
716 732 880 816 cogitandi
900 733 1000 808 lilla

108 853 341 924 monstratione
364 851 463 918 modo
484 849 638 934 exposita
658 863 822 931 teneatura
856 849 915 924 hac
941 869 1000 918 exc.

102 968 217 1055 ptiuaa
233 966 281 1034 nil
302 964 485 1050 proficitur.

149 1084 198 1153 ll.
220 1081 461 1166 Cogitationem
481 1077 516 1146 io
538 1089 632 1145 motu
658 1077 798 1160 positam
823 1064 927 1164 esse,¹
940 1083 998 1148 nul

36 1182 43 1195 ¹
108 1200 208 1270 modo
231 1197 369 1281 intelligi
391 1209 522 1279 potest:
553 1194 653 1268 immo
679 1192 896 1277 intelligitur,
916 1196 1000 1279 cogit

110 1315 231 1382 tionem
257 1311 350 1381 nullo
378 1313 477 1383 modo
501 1310 535 1379 in
560 1324 650 1385 motu
668 1309 811 1394 positam
832 1329 904 1382 esse
927 1331 1000 1394 poss

111 1426 219 1509 Nam,
242 1428 403 1512 quidquid
419 1428 545 1504 tandem
563 1428 607 1493 sit
625 1441 757 1505 motus,
780 1426 922 1502 Animus
936 1447 1001 1508 quu

110 1557 143 1622 et
160 1541 212 1610 tui
231 1541 461 1621 conscientiam
488 1556 522 1607 et
533 1540 633 1607 simul
651 1543 769 1606 multas
795 1541 998 1623 variasquec

112 1658 283 1743 gitationes
309 1656 444 1736 habeat,
468 1656 565 1722 simul
589 1656 713 1726 multos
733 1657 908 1738 variosque
931 1673 996 1724 mot

110 1767 227 1837 habete
244 1754 375 1852 debeat3
403 1772 491 1853 quod
506 1773 540 1839 in
557 1772 662 1854 imam
682 1772 768 1838 illam
788 1791 887 1856 supra
904 1776 939 1863 §a
959 1771 989 1849 V

110 1879 161 1965 Vl
176 1883 375 1967 confutatam
390 1885 633 1980 repugnantiam
651 1884 776 1965 incidit³

361 2098 365 2103 ’
477 2122 512 2210 s.
555 2114 675 2196 virt,

358 2351 575 2443 Argumenta
595 2347 800 2434 probabilia,

162 2584 334 2657 Caeterum
351 2599 473 2665 praeter
488 2583 589 2661 illud,
605 2577 803 2662 quodmodo
819 2573 1000 2660 exposuimu

125 2714 371 2782 argumentum,
393 2698 472 2773 aliae¹
489 2711 566 2775 sunt
583 2697 747 2776 amioum,
770 2714 851 2774 quae
866 2691 999 2772 simplici

124 2815 149 2881 ti
167 2815 278 2881 Animi
298 2832 440 2898 magnam
462 2834 527 2881 non
545 2817 641 2882 modo
660 2812 921 2897 probabilitatem
937 2811 993 2878 sed

122 2931 341 3011 necessitatem
359 2932 407 3016 adj
414 2948 548 3023 ungant,

163 3044 191 3110 1.
214 3042 280 3110 Res
298 3062 381 3127 quae
395 3044 466 3129 ipsa
481 3047 543 3111 sibi
559 3046 611 3114 sul
627 3062 675 3111 est
689 3046 843 3128 conscia,
856 3062 888 3113 et
903 3046 942 3113 ad
956 3065 1000 3112 su:

119 3157 192 3253 ipsc
207 3159 439 3255 conscientiam
456 3162 580 3244 reliqua
596 3163 705 3240 omnia
718 3162 819 3238 veluti
837 3165 876 3240 ad
890 3180 988 3246 caput

120 3273 211 3359 fert,
227 3275 339 3359 potius
355 3277 536 3358 substantia
554 3279 598 3345 sit
614 3297 710 3362 quam
727 3282 886 3357 accidens,
909 3280 955 3359 Et
971 3298 1000 3346 c<

118 3395 256 3475 scientia
274 3397 428 3476 efficiatur
452 3399 565 3483 potius
590 3399 656 3484 ita,
690 3414 726 3476 ut
753 3400 893 3476 Animus
923 3420 957 3474 se
982 3400 1000 3482 i]

123 3512 257 3597 colligat
283 3529 317 3591 et
347 3515 380 3581 in
407 3533 442 3585 se
467 3516 635 3598 intendat,¹
656 3535 749 3599 quam
779 3534 815 3583 ut
835 3536 870 3583 se
889 3518 1000 3586 extend

122 3624 238 3711 Itaque
254 3648 315 3703 suo
335 3630 477 3713 quisque
500 3631 633 3715 proprio
651 3650 683 3699 et
702 3633 818 3700 intimo
837 3653 934 3701 sensu
950 3651 1000 3717 per

120 3741 174 3825 pit
188 3763 220 3811 te
237 3748 339 3831 ipsam
358 3763 393 3839 ut
413 3747 642 3822 substantiam.
675 3748 826 3830 Cumque
843 3767 954 3817 onrnes
966 3767 1000 3815 cu

122 3857 283 3948 ratiottean¹
304 3858 374 3937 sive
394 3862 447 3939 sui
475 3863 604 3948 ipsius,
626 3861 695 3938 sive
723 3881 852 3938 suarum
873 3877 906 3929 et
922 3863 999 3935 aliar

74 4000 78 4009 ·
119 3989 244 4053 aetum,
278 3976 345 4042 sint
371 3977 568 4059 accidentia,
597 3978 772 4045 accidentia
798 3993 903 4048 autem
930 3980 993 4047 nisi

121 4082 439 4171 athamanticum
465 4105 647 4185 occaecata
679 4090 846 4187 elicitur,
876 4098 997 4177 saluo
