2362 4936
122 638 211 713 nn
261 624 596 706 uutnsrs
645 630 780 708 ont.
851 650 933 732 ur,

85 825 137 897 lus
169 818 252 892 hauc
289 793 591 907 rrgumentationetu
633 798 778 890 instituit
814 821 927 892 Boelt.

91 957 227 1025 ‚quarn
247 937 375 1021 quidem
394 934 561 1017 Wolfius,
584 935 642 1018 qui
665 937 694 1002 ei
722 937 929 1006 mathemati·

85 1055 155 1125 vitu
178 1052 319 1122 tribuere
340 1050 479 1120 videtur.
510 1050 637 1118 Vitium
656 1052 724 1136 ejus
740 1053 927 1136 tenebitur,

110 1167 296 1255 syllogismi
323 1164 459 1232 formam
493 1166 674 1250 redigaturt
704 1164 802 1247 Cujus
828 1169 929 1234 nulla
965 1216 968 1223 -

85 1288 184 1367 ’ailog
205 1280 294 1350 alind
313 1295 359 1346 sss
384 1277 619 1361 rejiciendum:
661 1279 772 1346 Nulla
794 1295 840 1347 est
864 1303 927 1349 ra·

85 1404 190 1490 grisei
205 1401 271 1466 sint
281 1397 394 1485 pluras
409 1406 472 1460 alno
491 1392 566 1461 Dii.
594 1395 637 1463 E.
670 1395 851 1476 reficienda
875 1411 926 1466 ssa
961 1470 964 1485 Ι
1028 1458 1032 1465 .

85 1516 132 1597 ¹0,
154 1512 265 1603 pitres
296 1513 359 1578 ulto
394 1529 458 1576 esst
487 1511 585 1576 Ileot.
638 1508 796 1578 Videmus
820 1514 926 1581 ambi·

85 1646 97 1697 r
136 1646 210 1697 erse
241 1625 510 1711 significationem
532 1623 659 1691 termini
690 1625 803 1709 medii,
836 1632 928 1698 ratio

89 1744 153 1829 qui
177 1744 212 1810 in
228 1741 455 1827 propositione
473 1739 613 1808 sumitur
632 1760 692 1823 pro
714 1745 842 1810 tatione
855 1748 927 1812 sati·
1043 1798 1047 1805 .

85 1858 130 1945 i,
158 1860 195 1927 ia
223 1857 422 1926 assumtione
455 1873 515 1937 pro
550 1857 680 1920 rollone
709 1857 929 1943 cognoscendi.

88 1974 163 2058 ise,
194 1971 367 2040 terminum
392 1971 530 2036 medium
557 1970 591 2036 in
614 1983 749 2055 utraque
772 1973 930 2055 praemisa»

86 2100 115 2157 lu
141 2089 252 2156 eodem
279 2105 379 2153 sensu
405 2085 486 2169 poni
513 2103 548 2152 v.
566 2100 599 2151 c.
627 2102 688 2166 pro
715 2106 830 2152 causta
854 2093 930 2157 saio.

86 2203 133 2294 lig
156 2205 359 2273 coniuratum
382 2213 432 2266 est
448 2213 694 2282 argumentum,
715 2217 750 2267 n.
773 2219 803 2267 t.
828 2200 931 2288 huius

86 2316 179 2390 onis.
222 2318 258 2385 Si
282 2330 359 2383 vtro
383 2314 563 2397 accipiatur
584 2332 644 2397 pro
676 2334 792 2381 caussa
813 2337 928 2404 cogno·

86 2436 132 2524 it,
162 2450 204 2504 ne
219 2435 267 2502 sic
287 2434 414 2516 quidem
431 2431 497 2496 vitu
515 2448 604 2496 suatn
622 2430 753 2498 habebit
770 2434 932 2519 syringio.

86 2606 91 2624 .
136 2551 221 2619 Nam
245 2569 282 2616 ex
301 2546 462 2633 principio
479 2545 630 2613 Rationis
651 2545 839 2614 sufficientis
861 2568 930 2617 nou

86 2667 169 2737 inuo
201 2664 415 2746 intelligitur,
447 2681 546 2727 unum
581 2681 644 2726 etse
670 2660 800 2747 Deum,
829 2685 934 2749 neque

86 2804 125 2866 t,
145 2781 261 2872 pluras
285 2799 348 2844 uno
375 2797 459 2844 esse:
487 2777 568 2843 illud
591 2774 700 2844 solutu
720 2777 933 2867 intelligitur,

108 2894 273 2988 quandam
309 2911 372 2958 ests
403 2891 598 2978 effeminat
635 2893 730 2976 hujus
755 2870 933 2966 unwina:

86 3028 148 3078 eto
170 3009 222 3078 ris
250 3021 356 3072 utrum
391 3006 436 3072 sit
471 3005 505 3072 iu
538 2992 605 3071 uno
633 3008 806 3092 subjecto,
837 3030 877 3078 tu
899 3015 935 3081 in

86 3123 186 3207 ibus,
206 3143 274 3191 uon
303 3122 509 3206 intelligitur.
554 3120 663 3208 Quare
690 3143 844 3208 apparet,
868 3128 933 3197 hoe

87 3259 232 3312 :mentum
250 3243 359 3307 eodem
380 3238 503 3320 redire,
523 3256 589 3320 quo
614 3238 697 3304 iliud
720 3258 760 3306 er
783 3240 939 3315 Necessi-

100 3362 257 3440 ductum‚
291 3356 379 3438 quod
403 3374 501 3439 supra
521 3355 707 3423 notavimus
728 3357 815 3423 Sett.
834 3359 862 3428 1.
917 3421 922 3431 .

87 3492 164 3561 tque
200 3474 255 3540 his
286 3469 416 3554 quidem
443 3468 573 3534 duobus
601 3472 797 3555 argumentis
821 3493 938 3543 caussa

87 3605 200 3673 ratur,
224 3608 327 3678 quart
351 3586 440 3651 Deus
461 3589 516 3651 sit.
562 3584 736 3669 Sequitur,
768 3603 806 3654 ut
831 3591 939 3663 videa·

93 3759 106 3794 ,
129 3709 159 3777 si
182 3707 259 3791 quid
287 3700 441 3770 concludi
461 3699 569 3784 possit
592 3703 698 3770 estiis
718 3704 835 3790 rebus,
855 3729 939 3797 qua·

106 3824 199 3891 Deus
222 3835 269 3887 est
289 3837 418 3885 caussa.
914 3890 917 3895 ,

87 3984 92 4010 t
112 3941 217 4025 igitur
226 3937 403 4005 Toilnerus
420 3936 502 4004 itanc
512 3935 672 4004 rationem
681 3933 794 4003 adfert.
819 3936 940 4017 „Deus

87 4056 150 4122 aler
171 4044 680 4135 tammalndepcttdsntla3utj‘us
698 4064 744 4116 sss
762 4070 801 4116 ca
818 4053 885 4131 tis,
900 4062 940 4117 ur

87 4172 157 4241 lea
166 4168 331 4260 pcpdaeant
346 4187 449 4234 omnes
466 4185 520 4234 ras
531 4209 544 4249 ,
555 4179 654 4233 extra
671 4182 763 4248 aaut,
776 4184 804 4232 s.
821 4179 859 4230 ut
876 4185 941 4235 om·

801 4322 830 4365 ,‚
852 4294 944 4349 mum
