2362 4936
160 646 206 731 rr
316 634 390 714 nn
424 626 609 708 onrnn
650 610 940 712 sennenn

165 841 227 902 nec
249 827 450 914 placabilitas
474 825 548 911 ejus
573 819 748 891 vindictam
769 821 944 908 cupiebat,
972 818 1062 898 neci

166 946 315 1013 beralitas
355 942 514 1028 privatum
544 937 748 1008 commodum
782 939 965 1022 quaerebat.
1017 943 1062 1012 Dr

166 1058 223 1130 ille
238 1077 391 1141 munere,
414 1055 590 1126 honorifice
604 1050 767 1140 quidem,
789 1070 823 1123 tt
846 1056 976 1127 minime
992 1060 1062 1129 lucr

165 1178 249 1261 fiet,
276 1177 398 1262 integre
415 1189 447 1242 et
462 1171 624 1242 leboriore
645 1171 903 1256 administravit,
922 1190 981 1242 nec
1003 1179 1062 1244 vai·

167 1292 274 1362 tudini
297 1310 458 1377 percense
478 1291 534 1357 cui
551 1289 794 1375 superveniente
817 1291 989 1375 pleuritide
1011 1313 1062 1363 cor

169 1423 302 1477 euntes
327 1421 398 1490 est,
420 1406 472 1474 die
495 1426 548 1477 ro.
570 1404 715 1491 Aprilis,
746 1405 821 1473 anni
846 1409 949 1492 1798,
980 1426 1062 1479 aetat

168 1523 436 1610 quinquagesimo
463 1534 495 1589 et
522 1520 629 1590 tertio.
681 1520 769 1589 Haec
790 1536 852 1590 not
874 1524 1062 1608 scripsimus

129 1692 133 1699 .
167 1655 207 1709 nt
230 1639 382 1708 titionem
408 1640 595 1707 haberemus
616 1654 649 1705 et
675 1638 804 1705 landum
821 1639 940 1722 optimi
955 1640 1042 1724 viri,

168 1770 300 1826 nostrae
325 1773 400 1824 curn
425 1775 464 1825 eo
487 1753 739 1842 coniunctionis.
784 1753 851 1842 Qui
875 1756 915 1822 de
940 1759 1011 1844 ejus
1035 1761 1062 1825 dr

166 1871 294 1953 ctrina,
317 1871 470 1956 seriptis,
498 1886 531 1939 et
559 1871 675 1954 rebus,
705 1872 797 1955 plura
814 1887 1011 1955 cognoscere
1034 1892 1062 1939 cr

167 1985 289 2072 piunt,
320 1988 427 2071 legant
452 1985 490 2072 J.
523 1989 570 2056 H.
603 1986 761 2056 Hoeuffrii
795 1985 1019 2072 praefationem
1051 2006 1062 2053 i

171 2096 315 2168 Sentenii
342 2098 517 2184 Poenam,
546 2103 630 2172 edite
657 2101 837 2174 Leidaea.
862 2120 1023 2177 rrncccr·
1056 2128 1062 2171 ι

167 2213 258 2281 Saxii
285 2218 412 2299 nostri,
436 2219 582 2288 doctrine
611 2235 643 2287 et
666 2234 769 2288 aetate
791 2223 958 2290 venerandi
980 2223 1062 2293 tenir

171 2326 419 2404 Οηοιηιεῑίοιιιιι
456 2334 527 2406 Lit.
567 2334 653 2406 Part.
678 2333 781 2421 viu,
819 2355 855 2423 p.
878 2339 959 2424 408
1020 2341 1062 2407 Ar

171 2440 381 2519 Mncccv.
