2362 4936
252 520 338 590 no
389 519 797 598 ususotun.
968 540 993 620 5

49 720 286 796 pneccptum,
307 721 342 775 et
355 706 409 775 liis
422 707 505 791 ipsis
530 707 667 790 debus,
688 711 863 795 utnosti,
885 732 904 783 a
927 734 988 785 no·

55 831 173 901 bisin
211 827 328 895 schola
366 827 407 899 de
445 825 633 897 Officiomm
666 827 760 904 libris
796 842 984 901 tractatum.

60 947 260 1031 Quamquam
276 942 363 1009 enim
382 942 521 1008 subinde
534 941 592 1024 lit,
617 955 654 1009 ut
676 944 895 1011 adolescentes
914 945 991 1015 vani

62 1077 90 1132 ct
123 1059 253 1128 ventosi
281 1058 440 1126 modestis
471 1058 645 1139 doctisque
678 1058 936 1126 adolescentibus
958 1073 994 1128 et

64 1179 184 1246 nudem
210 1189 244 1243 et
272 1175 379 1240 laudis
401 1170 538 1255 praemia
553 1171 766 1256 praeripiant:
789 1185 839 1240 est
852 1171 907 1240 illa
921 1190 992 1241 non

64 1297 151 1376 laus,
174 1294 230 1361 sed
246 1289 365 1375 opinio
383 1301 417 1354 et
434 1307 521 1355 error
543 1287 653 1372 exigui
675 1289 852 1371 temporis:
876 1307 990 1374 magns

65 1407 368 1489 estvlsveritatis,
391 1424 473 1489 quae
499 1405 556 1472 diu
578 1405 674 1470 latere
698 1404 830 1486 nequltc
856 1405 992 1472 maxims

68 1541 113 1595 eat
128 1523 258 1589 virtutis
286 1520 479 1600 efficacitas,
502 1537 584 1601 quae
607 1519 661 1585 sui
681 1519 823 1584 cultores
847 1518 992 1586 certissi·
1022 1520 1026 1524 ’

64 1658 114 1707 mo
138 1637 310 1704 doctrinae
344 1635 626 1717 conscientiaeque
658 1633 769 1700 fructu
797 1634 882 1702 beat.
928 1630 992 1702 seu

64 1759 255 1828 ostendenda
291 1771 344 1824 est
371 1755 500 1837 virtus,
533 1770 565 1822 et
590 1756 631 1822 ad
653 1733 815 1838 publicam
840 1753 992 1821 notitiam

63 1877 277 1963 producenda.
323 1873 454 1942 Etenim
482 1871 511 1939 si
536 1871 668 1957 cognita
692 1871 801 1938 virtus
827 1888 991 1939 nonnum·

66 2015 150 2079 quam
168 1993 374 2078 negligitur,
398 1990 479 2074 quid
493 1986 656 2074 ignoratae
673 1988 788 2056 virtuti
804 1986 885 2054 fieti
921 1987 989 2071 Et,

62 2129 95 2176 ut
107 2110 157 2175 isti
175 2107 310 2175 ventosi
330 2123 399 2170 non
416 2103 482 2170 nisi
503 2107 539 2174 sl
564 2106 660 2175 lontio
682 2115 931 2185 consectantur,
953 2099 990 2167 hi

67 2228 192 2293 modesti
211 2225 311 2292 unice
339 2227 383 2308 scit
406 2221 481 2292 altat
503 2224 649 2290 contenti
666 2239 763 2289 suntc
787 2222 852 2304 ita,
875 2241 990 2305 quam·

74 2342 117 2409 vis
141 2344 303 2408 modestus
332 2337 468 2403 virtutis
484 2340 614 2418 cultor,
636 2339 769 2404 virtutis
789 2340 915 2405 muneri
936 2341 985 2407 sic
1023 2372 1028 2379 ·

70 2456 254 2536 satisfaciet,
278 2468 319 2520 ut
341 2456 377 2524 cl
398 2457 497 2523 δοκεῖν
524 2470 565 2518 ne
588 2471 725 2536 prorsus
749 2455 911 2538 negligat,
934 2459 990 2526 sed

63 2573 199 2657 sitim
226 2572 347 2651 addat,
371 2582 403 2635 et
429 2571 535 2652 qualis
561 2585 633 2652 est,
664 2570 738 2638 talis
762 2572 872 2641 haberi
901 2575 990 2650 velit.

61 2696 153 2761 itaet
169 2686 344 2771 superiore
359 2703 445 2754 anno
461 2699 545 2755 recte
568 2685 647 2756 fecit
660 2685 838 2774 Lyndenus
856 2705 992 2778 noster,

59 2806 254 2871 documento
267 2820 501 2887 progressuum
519 2822 673 2886 auorum,
694 2804 927 2890 Disputatione
948 2811 989 2877 de

58 2918 204 2991 Panaetio
227 2917 352 2984 edenda
380 2937 417 2983 ac
440 2916 655 2985 defendendas
680 2919 739 2999 qui
763 2937 863 3002 quum
884 2935 916 2986 et
934 2941 991 3007 ge·

65 3036 143 3103 neris
165 3036 344 3102 nobilitate
367 3045 401 3098 et
423 3033 542 3117 opibus
561 3032 670 3100 omnia
686 3051 813 3104 summa
825 3038 989 3118 consequi

62 3168 155 3234 posse
178 3152 369 3232 videretur,
402 3162 506 3218 tamen
534 3163 663 3217 externa
690 3150 754 3218 ista
788 3152 872 3219 bona
907 3155 988 3221 adeo

60 3269 136 3336 levia
154 3269 269 3350 ducit,
296 3281 333 3333 ut
358 3266 394 3333 in
422 3266 474 3333 his
504 3266 609 3348 nihil,
632 3286 725 3335 omne
748 3268 847 3335 decus
865 3269 899 3335 iu
918 3270 988 3337 ani.

63 3383 105 3449 mi
119 3383 215 3449 bonis
238 3395 353 3466 ponat.
389 3381 435 3448 Et
452 3400 538 3449 nunc
554 3382 610 3450 Tu
627 3398 711 3451 recte
722 3384 805 3452 facis
822 3387 989 3468 prodendo

63 3509 116 3562 tuo
134 3495 343 3580 Speciminc,
375 3495 418 3562 mi
443 3493 598 3565 Heusde:
632 3499 714 3581 qui,
737 3516 796 3563 nec
820 3497 890 3581 ipse
914 3497 991 3567 illo·

64 3628 129 3676 rum
156 3613 256 3695 inops
284 3610 528 3695 subsidiorum,
550 3612 591 3680 iis
607 3613 837 3706 (posthabitis,
859 3633 991 3686 omnem

63 3727 143 3794 vitae
167 3728 364 3797 suavitatem
391 3729 583 3815 laudemque
611 3751 649 3799 ex
671 3733 818 3799 Platonis
845 3735 989 3817 optimo·

64 3860 194 3925 tumque
227 3860 377 3912 veterum
409 3845 549 3914 lectione
575 3847 673 3930 petia.
724 3849 771 3917 Et
805 3850 1004 3933 communis⁴

68 3971 169 4025 noster
190 3962 342 4040 amicus,
375 3976 480 4030 vestet
505 3965 772 4048 condiscipulus,
803 3968 987 4049 Sluitecus,

69 4071 137 4150 duta
150 4075 222 4170 ipse
249 4074 372 4157 similis
391 4079 562 4150 editionem
588 4081 775 4151 documenti
795 4083 988 4166 meditatur,

534 4195 611 4285 Ag
725 4282 728 4289 ἱ
931 4210 990 4263 su·
