2362 4936
184 579 329 650 ,ΑΒ
372 543 804 651 LYNDuNiJM.
892 602 1005 683 ἰη

104 767 169 835 dolii
192 779 301 831 sortem
330 763 488 845 audiens,
511 761 599 830 foces
617 767 656 831 ad
675 767 905 839 illustrandum
929 778 1009 843 sub·

104 883 202 954 mittite
229 882 348 962 quibus
374 881 515 948 edmotis
539 882 629 948 dolio
656 899 791 966 specto,
824 896 1007 972 vaporeus

106 1000 205 1068 netem
226 997 393 1063 exhalante
416 1013 580 1081 surgentes
609 997 713 1080 ipnem
738 1004 952 1086 concipiunt,
974 1025 1008 1077 et
1034 1086 1038 1093 ι

107 1116 191 1182 subito
207 1133 280 1180 cum
300 1112 437 1196 fulgure
462 1114 605 1180 sonitum
625 1116 738 1185 edunt.
786 1119 886 1186 Ecce!
911 1127 1008 1191 novi.

108 1231 294 1312 tiipuerique
311 1230 352 1294 sd
376 1247 533 1295 rumorem
561 1229 803 1313 novitatemque
824 1236 1005 1316 spectaculi

110 1348 226 1427 utitsri,
247 1350 437 1425 adcurrere,
454 1345 599 1426 sdstsre,
618 1363 771 1427 stupere,
791 1350 1010 1436 miserimu-

115 1465 189 1544 tlete,
206 1465 343 1544 pestite,
368 1463 472 1542 ignem
499 1463 641 1544 quisque
665 1481 696 1528 et
717 1466 862 1534 materiae
887 1484 1009 1546 portem

117 1595 233 1658 ttpueet
250 1576 396 1644 auferre:
419 1594 524 1642 messa
543 1580 632 1655 pices
648 1580 866 1647 concutiendo
883 1583 1010 1663 agiten-

118 1697 195 1775 mque
214 1698 418 1762 exardescens
445 1697 671 1776 crepitansque
695 1695 862 1774 dissiluit,
889 1697 1013 1778 rapien-
1103 1744 1105 1748 -

120 1809 176 1873 hun
198 1812 302 1878 uultus
325 1815 392 1875 stru
421 1808 559 1892 fuligine
586 1810 754 1894 oppleuit,
776 1812 881 1894 capita
898 1813 1012 1882 furore

124 1921 253 2007 institnit,
279 1944 315 1992 ut
343 1927 404 1992 sibi
430 1929 533 2008 pulcri
558 1941 589 1991 et
615 1929 774 2005 sepientes
798 1932 1008 2014 viderentur,

124 2057 250 2120 pensos
268 2043 455 2124 oppidoque
477 2044 692 2111 discurrentes
717 2046 1010 2129 debaccharentur,

128 2152 221 2222 lutum
234 2159 467 2240 hominumque
484 2158 575 2225 iidem
595 2160 852 2253 obtestarentur,
874 2181 909 2227 se
928 2164 1015 2245 pris·

128 2269 183 2333 tinis
200 2273 350 2341 libentem
377 2274 520 2342 tenebris
544 2273 815 2356 Philosophiam,
844 2275 1015 2356 ipsamque

131 2385 270 2468 renotem,
305 2386 440 2459 adferre.
493 2388 607 2466 Pater,
642 2387 699 2468 qui
728 2389 866 2455 fortasse
887 2391 1013 2458 foetum

72 2550 74 2557 .
131 2515 197 2568 suun
214 2508 332 2574 diutius
357 2507 506 2590 neglectu
535 2505 799 2588 ignorationeque
821 2525 1013 2589 oppressum

72 2660 76 2715 3:
128 2615 176 2696 ipse
187 2623 379 2690 abdicaturus
405 2637 490 2702 erat,
513 2641 692 2689 nunceum
717 2623 892 2705 celebrari,
914 2643 1015 2706 seque

72 2763 75 2799 t
128 2731 204 2812 ipsun
219 2741 338 2807 divinis
357 2741 506 2807 laudibus
532 2739 608 2805 ferti
631 2737 764 2818 videns,
794 2741 917 2806 leudem
945 2744 1017 2809 lau·

106 2851 328 2935 ¹detumulare,
352 2872 524 2936 novosque
550 2868 643 2919 natos
663 2869 829 2934 procreare
852 2854 1017 2921 instituite

133 2966 202 3037 imni
222 2975 300 3039 dues
324 2970 490 3038 submittit
514 2985 642 3035 sorores
670 2968 832 3045 Crittcas,
868 2967 1020 3034 Rationis

132 3075 289 3167 leuchae,
311 3098 343 3151 et
360 3081 548 3151 facultatis
567 3078 773 3164 judicandi,
797 3083 965 3146 tumulos
987 3090 1020 3144 et

129 3195 186 3265 llius
202 3221 304 3272 uoros
329 3216 443 3268 notos:
470 3200 526 3280 qui
547 3216 683 3279 omnes,
707 3214 742 3263 ut
759 3216 863 3263 novoe
880 3210 910 3261 et
927 3198 1021 3262 inau-

126 3311 186 3385 litue
205 3320 377 3405 sspIentise
402 3319 489 3402 pleni
515 3333 547 3383 et
571 3319 711 3385 coelitus
730 3318 881 3399 delapsi,
901 3316 923 3395 ,h
948 3316 1024 3382 bac-

127 3425 269 3502 titutibus
285 3434 453 3515 suscepti,
477 3448 508 3497 et
528 3435 562 3498 in
582 3433 726 3496 eumdem
746 3429 925 3494 divinitatis
947 3429 1029 3493 cho·

130 3559 179 3613 tun
193 3550 350 3637 eggregsti
370 3563 460 3618 sunt.
505 3546 560 3615 Sic
578 3569 635 3633 per
651 3547 837 3616 decennium
856 3547 932 3611 haec
956 3547 1029 3612 sols

120 3660 207 3744 mou
225 3666 370 3746 vetitas,
395 3666 429 3732 in
454 3665 600 3747 scholis,
633 3664 748 3744 libris,
771 3663 1029 3747 ephemeridibus
1124 3675 1126 3679 ·

128 3769 289 3861 Μαῖα,
320 3795 351 3845 et
376 3779 517 3846 Celticae
540 3780 771 3863 Philosophiae
799 3783 929 3847 nomine
952 3783 1036 3845 cele·

131 3882 210 3961 bru.
252 3897 384 3976 Atque,
399 3911 495 3979 prout
513 3896 545 3965 in
564 3899 652 3963 civili
667 3897 879 3970 conversione
896 3895 965 3961 lieri
983 3914 1038 3961 so·

133 4002 184 4090 lu,
203 4028 238 4079 ut
265 4014 337 4098 ejus
366 4010 494 4096 patroni
513 4032 580 4083 uon
596 4014 664 4081 sint
695 4013 791 4081 unius
816 4013 959 4097 generis,
983 4009 1040 4077 sod

132 4113 214 4198 iuis
224 4129 358 4201 civibus
370 4147 577 4204 communem
592 4132 727 4232 saltuem
740 4125 973 4218 ,spectentihus
988 4126 1044 4192 sd·

100 4276 138 4321 ‘s‘
167 4300 171 4308 ·
970 4257 1048 4310 mss·
