2362 4936
196 642 200 648 .
295 570 846 648 nnnsusnrutr.
932 599 1039 674 -st

103 765 197 838 sibus
210 758 341 829 Timaei
359 760 508 829 Lexicon
528 759 659 829 Vocum
673 760 937 848 Pistonicsmm,
958 783 1033 839 cum

107 879 332 950 counenmrio
357 874 545 943 Ruhnkenii
570 860 697 958 nostri,
728 895 826 964 quus
852 877 909 945 Tu
938 882 1035 950 tutio·

108 1015 171 1066 nent
187 1009 249 1062 tuo
263 993 334 1060 hoc
350 992 385 1058 in
402 991 515 1058 libello
534 989 734 1059 laudabiliter
748 1007 939 1064 secuturos.
986 997 1033 1064 Et

107 1130 139 1178 ut
159 1109 193 1177 in
224 1106 386 1177 omnibus
413 1105 480 1171 iilis
505 1104 723 1188 scriptoribus
745 1105 929 1192 frequentes
953 1127 1033 1180 sunt

105 1223 246 1295 Platonis
271 1218 362 1302 loci,
394 1219 450 1285 vei
469 1219 510 1285 td
536 1221 670 1288 verbum
696 1223 861 1305 appositi,
883 1225 934 1292 vel
960 1227 1035 1295 imi·

104 1341 198 1408 ttndo
214 1333 382 1420 expressi,
404 1332 465 1416 qui
484 1337 612 1403 sslesnt
628 1337 669 1403 sd
690 1335 837 1406 Platonis
855 1357 929 1406 cum
950 1340 1032 1408 scri·

103 1472 229 1540 pturtm
245 1450 498 1533 emendadum,
520 1464 591 1518 tum
610 1452 799 1519 sententiam
823 1448 1032 1537 interpretan-¹

108 1571 197 1638 mm:
220 1569 266 1634 itt
288 1564 325 1633 in
349 1563 465 1648 primis
487 1567 577 1633 ratio¹
591 1565 735 1634 habenda
749 1581 799 1633 est
816 1566 1034 1650 philosopho·
1075 1622 1090 1631 .

104 1705 197 1767 rum,
227 1700 297 1751 non
321 1681 431 1748 solum
459 1680 720 1764 Platonicorum,
754 1682 810 1749 sed
834 1683 1032 1767 reliquorum

105 1801 174 1868 inde
190 1799 232 1866 sb
254 1797 436 1864 Aristotele
458 1798 497 1863 sd
520 1812 660 1864 extrema
675 1797 740 1864 fere
754 1795 933 1880 Ryztntins
950 1813 1032 1866 tem·

107 1935 182 2002 pora
205 1914 374 1994 omninm3
397 1910 521 1994 quippe
545 1911 580 1978 in
600 1911 722 1996 quibus
741 1912 833 1987 multi
860 1913 967 1981 tdhuc
985 1915 1031 1981 ia·

104 2044 169 2098 tent
183 2029 265 2095 tales
288 2026 378 2109 loci,
399 2026 577 2094 nonduma
593 2025 782 2095 novnsimh
799 2026 1029 2110 interpretibus

105 2141 315 2214 mimndversi
331 2155 366 2207 et
381 2141 523 2209 excussi.
566 2139 685 2224 Neque
698 2139 765 2207 boc
778 2139 822 2207 ita
841 2141 938 2222 dico,
954 2160 1034 2226 qua·

106 2263 136 2330 si
152 2258 295 2327 Pistonis
309 2257 349 2322 de
365 2253 577 2339 philosophia
588 2256 779 2325 sententiam
798 2254 894 2323 veiim
909 2276 1034 2343 cogno,

109 2376 159 2443 sci
173 2374 357 2454 consulque
372 2389 412 2438 ex
431 2369 648 2453 posteriorum
669 2372 907 2438 commentariis
923 2372 1035 2442 Philo·

105 2489 295 2574 sophorum.
340 2487 444 2553 Unam
463 2499 648 2567 spectemus
672 2486 906 2570 grammaticum
933 2488 1034 2556 ratio·

102 2623 196 2685 nem,
230 2600 310 2684 quid
331 2601 498 2683 scripserit
523 2602 724 2683 senseritque
747 2601 857 2668 Pisto:
884 2619 955 2666 vere
973 2616 1034 2689 nee

105 2737 145 2789 ne
168 2715 331 2798 senserit,
355 2732 453 2783 suum
478 2713 598 2797 cuique
618 2713 778 2799 judicium
806 2715 1033 2800 relinquimus.

104 2832 193 2920 Quot
218 2830 306 2898 enim
327 2843 408 2897 sunt
429 2825 596 2896 hominum
611 2828 740 2911 capita,
763 2842 814 2896 tot
831 2845 911 2897 sunt
924 2833 1032 2901 divo·

105 2971 140 3020 sa
154 2951 292 3038 judicis:
316 2964 349 3016 et
366 2947 629 3034 adjudicandum
655 2949 721 3015 fere
746 2950 899 3019 inclinate
922 2955 1032 3024 solent

107 3067 209 3151 capim
224 3065 331 3135 inanit
349 3065 503 3133 historiae
517 3065 753 3151 philosophae,
767 3082 800 3135 et
820 3069 918 3138 unius
929 3072 1033 3139 theu·

103 3184 155 3270 jus
172 3182 316 3269 magistri
333 3181 470 3249 decretis
491 3194 663 3266 occupata.
1011 3268 1015 3275 .

143 3299 327 3384 Superest,
350 3310 387 3365 ut
401 3300 442 3365 de
456 3299 497 3365 ils
516 3317 700 3369 moneamus
716 3302 956 3389 Scriptoribus,
971 3309 1033 3393 qui

107 3429 177 3483 ante
200 3415 368 3481 Platonem
393 3410 545 3496 fuerunt,
568 3433 689 3497 quoss
714 3416 904 3486 novissimis
931 3421 1034 3509 hujus

108 3530 284 3621 editoribus
310 3529 605 3613 interpretibusque
620 3551 735 3616 parum
753 3535 859 3601 adhuc
881 3538 1035 3622 cognitos

109 3646 336 3729 adhibitosque
367 3647 662 3717 animadvertimus.
713 3650 798 3718 Sunt
831 3655 881 3719 uel
907 3655 1035 3723 solutus

111 3762 261 3839 untionis
288 3761 488 3846 scriptores,
512 3763 562 3832 vel
587 3768 720 3861 poitse,
743 3770 794 3835 vei
817 3770 1035 3856 philosophi,

115 3879 158 3943 sti
180 3895 379 3963 utrumque:
408 3898 587 3963 eorumque
611 3884 733 3967 scripta
759 3884 809 3951 vei
833 3901 1033 3969 supersunt,

115 3992 158 4060 vti
172 3997 350 4077 perierunt.
403 3999 441 4063 in
458 3995 596 4064 cittndis
614 4001 803 4068 auctoribus
830 3994 952 4084 primus
971 4004 1036 4068 fre·

115 4127 206 4195 quens
222 4133 297 4185 esse
316 4111 429 4200 coepit
455 4114 669 4184 Aristoteles:
693 4109 798 4202 neque
814 4134 918 4186 tamen
935 4119 1035 4186 inire·

579 4231 610 4304 C
632 4253 653 4322 3
932 4256 1035 4321 quens
