2362 4936
506 349 521 368 d

44 674 47 681 ,
157 594 234 705 μ’
444 554 909 681 sos1scosjn'·

168 806 277 855 mnem
292 805 413 874 quoque
429 791 513 851 nosti
529 786 594 853 iiia
610 790 683 853 trio
701 791 795 875 quasi
805 784 1032 870 fundamento
1039 805 1069 880 p«

169 913 248 968 nere
270 900 492 988 eloquentiae:
515 913 545 964 et
562 900 603 965 de
619 902 681 967 iac
700 905 771 989 ipso
799 903 942 993 methodo
966 918 1000 968 et
1016 925 1069 981 ,an

170 1018 314 1101 egregios
328 1014 401 1081 iilos
421 1017 595 1094 rhetoricos
615 1013 715 1080 libros
732 1017 916 1099 scripsisse,
939 1016 994 1081 De
1011 1018 1069 1084 Oro

169 1141 262 1208 tore,
284 1126 449 1212 Brutum,
469 1129 662 1210 Oratorem,
692 1128 811 1195 aiiose'’
856 1175 878 1212 „
899 1131 948 1198 At
963 1152 1020 1219 ego
1042 1148 1069 1198 te

167 1243 303 1331 inquis,
332 1250 399 1330 ipso
427 1245 576 1311 Cicerone
597 1257 729 1310 auctore
753 1243 954 1328 confortabo,
981 1251 1069 1334 quii

83 1392 84 1395 ¹
168 1359 221 1424 iris
246 1363 386 1445 egregiis
414 1357 468 1442 De
495 1359 639 1426 Oratore
665 1359 760 1426 libris
786 1359 906 1429 alicubi
934 1362 1069 1448 offirmas

60 1499 66 1513 ·
167 1487 328 1540 naturam
351 1487 449 1563 atque
472 1477 637 1560 ingenium
662 1481 729 1543 nim
747 1474 796 1539 ad
808 1473 978 1541 dicendam
994 1475 1069 1562 effes

170 1608 211 1654 re
227 1588 442 1656 maximum.”
472 1633 496 1670 „
507 1588 610 1657 Credo
628 1588 794 1678 equidem,
811 1588 965 1673 inquam
990 1615 1069 1661 man

171 1725 259 1771 mam
282 1706 385 1786 dicit,
407 1724 470 1775 nott
487 1724 630 1787 omnem,
653 1720 691 1768 ut
715 1716 821 1768 ortem
839 1711 1069 1774 coexercitatis

168 1839 252 1907 nem
264 1818 440 1907 occludet:
458 1832 489 1884 et
507 1839 563 1905 ego
578 1834 612 1886 te
622 1818 794 1904 consutobo
810 1831 943 1883 auctore
958 1819 1069 1890 Horati

91 1920 95 1928 ’
170 1948 248 2016 tuo,
272 1936 329 2020 qui
345 1931 620 2015 dicit,doctrina
646 1940 711 2004 oin
733 1946 897 2024 promovet
923 1937 1069 2002 insitam.

165 2049 302 2141 „Volci
318 2047 496 2115 Horatium
514 2053 595 2140 mihi
611 2051 765 2138 opponis?
781 2070 873 2137 quem
891 2062 976 2117 recte
991 2071 1069 2116 meus

168 2165 254 2233 dicis
266 2211 283 2247 ,
294 2184 389 2252 quem
400 2165 437 2243 in
456 2163 555 2253 oeulis
564 2165 665 2249 fero,
684 2184 775 2252 mrem
790 2162 990 2231 demonibus
1006 2185 1069 2230 run

167 2301 268 2369 quam
285 2280 427 2367 depono!
448 2284 543 2367 quasi
565 2298 641 2348 tero
659 2284 688 2344 is
704 2278 762 2343 ilio
786 2278 877 2360 loco,
899 2280 953 2348 tei
971 2278 1011 2346 de
1035 2283 1069 2348 ei

167 2400 306 2484 quentia
331 2406 390 2460 aut
413 2398 526 2480 poesi,
547 2409 607 2460 eut
631 2393 777 2465 aliarum
806 2411 916 2457 rerum
943 2397 1069 2463 scientie

172 2532 216 2578 oc
232 2531 295 2576 noo
312 2508 352 2574 de
367 2512 492 2576 uirtute
516 2510 694 2597 loquatur,
716 2507 771 2576 nei
787 2507 968 2603 doctrinan
994 2512 1069 2582 aiio¹

168 2624 268 2696 dicae
283 2644 380 2713 quam
396 2622 615 2688 educationem
634 2637 665 2686 et
682 2601 933 2688 institutionem:
949 2635 1069 2711 tuneps

140 2758 143 2763 ·
166 2752 226 2819 tos
248 2740 426 2804 Horatium
446 2740 598 2803 carmine
623 2756 683 2802 sua
704 2739 908 2824 composuisse
930 2737 1069 2804 secundu

151 2866 349 2945 „praecepta
376 2852 516 2935 aiicujus
529 2852 709 2941 philosophi
724 2866 783 2918 out
795 2855 1033 2938 grammatici,
1056 2875 1069 2919 e

172 2992 238 3036 non
251 2973 317 3035 ista
334 2972 401 3034 ista
417 2967 707 3037 nincuiaionitote
724 2982 865 3033 naturae
881 2971 1069 3035 contemsisse

161 3060 205 3151 'et
220 3085 343 3170 ingenii
361 3085 481 3169 impetu
500 3084 536 3146 in
559 3080 642 3147 citos
671 3085 800 3148 nubium
822 3095 952 3149 tractus
980 3083 1069 3151 eooi⁴

175 3197 267 3268 se?”
301 3195 426 3282 „Ego,
457 3201 503 3262 mi
527 3195 662 3278 Roscii,
694 3196 846 3279 inquam,
868 3201 904 3263 io
915 3199 1069 3282 judicias

135 3336 136 3340 ¹
173 3313 338 3394 Horatio,
361 3324 399 3391 ut
425 3309 465 3376 de
488 3309 565 3376 aliis
580 3316 708 3399 magnis
724 3311 964 3400 Scriptoribus‚
987 3308 1069 3402 seque

171 3430 340 3501 Platonem
364 3445 491 3492 meum:
512 3425 605 3507 dico,
627 3426 952 3493 Horatiumnaturo
978 3428 1069 3496 volui

155 3566 230 3628 ,se,
252 3557 320 3610 tum
346 3542 528 3610 doctrinam
550 3553 586 3620 et
608 3545 872 3608 exercitationem
894 3534 1069 3610 assumsisse

172 3663 227 3726 ita
257 3678 408 3745 magonem
427 3671 557 3745 poetam
593 3658 782 3724 exstitisse:
810 3660 887 3724 item
910 3658 1029 3741 judico
1062 3685 1069 3725 o

173 3774 344 3861 Virgilio,
372 3785 405 3837 et
428 3772 571 3839 omnibus
594 3774 722 3857 magnis
740 3775 864 3861 poetis:
884 3771 925 3836 de
947 3772 1069 3840 Ciceros

173 3881 439 3974 ineloquentia,
462 3898 494 3950 et
520 3885 559 3951 de
576 3885 720 3951 omnibus
741 3892 868 3973 magnis
892 3885 1069 3952 oratoribus

170 4016 203 4067 et
228 4007 304 4067 item
330 3998 368 4066 dc
387 4000 464 4067 aliis
482 4000 675 4088 generibus:
697 4021 793 4083 nom,
815 3999 902 4089 quod
924 4000 1069 4068 dixistio

164 4119 356 4205 praeceptis
373 4118 482 4203 artis,
505 4114 684 4185 Horatium
704 4117 747 4183 iis
765 4114 924 4184 studuisse
949 4137 1001 4185 res
1025 4119 1069 4207 ips

1061 4253 1069 4298 o
