2362 4936
102 546 182 673 ιμ’
258 512 859 658 nnonnennncus.

104 787 212 854 atque,
229 770 307 840 adeo
332 768 373 849 ab
398 769 668 847 immortaiiDeo
693 786 859 855 precatum
884 790 969 859 eane,

103 888 201 958 nobie
222 903 358 969 rursus,
387 884 488 953 finitis
520 882 635 969 feriis,
658 888 742 954 hanc
761 887 922 959 bonarum
940 890 980 960 Li

108 1021 214 1071 aarum
244 1001 482 1098 institutionem
511 1018 653 1086 repetere
671 1003 804 1087 liceret,
834 1007 980 1094 integeau

105 1119 274 1201 lemniae,
298 1117 433 1203 integris
448 1117 545 1185 iebus
563 1115 711 1201 nonaria,
735 1120 824 1186 salva
840 1122 980 1190 Academi

109 1238 198 1302 calva
216 1234 330 1317 patria.
369 1230 441 1320 Jam
460 1234 674 1301 convenimus
693 1235 738 1302 ad·
752 1235 836 1304 hanc
856 1234 980 1307 Literan

111 1349 353 1417 institutionem
391 1351 616 1434 repetendam,
655 1351 779 1436 integra
817 1354 966 1440 quidem,

106 1466 273 1546 videmur,
295 1463 499 1533 valetudine:
522 1465 618 1531 rebus
648 1480 752 1531 autem
770 1465 931 1554 integris,
949 1473 980 1538 ει·

106 1586 302 1669 Academia,
325 1588 415 1653 salva
443 1581 566 1667 patria,
588 1584 740 1651 affirmare
763 1605 833 1654 non
858 1589 980 1674 itcmn

110 1721 239 1775 eumue.
284 1704 328 1771 Et
353 1701 459 1786 arguit
474 1701 715 1784 discipulorum
732 1704 909 1790 paucitas,
928 1714 980 1792 uad

108 1820 343 1909 aumangustiia
353 1818 531 1887 discessum
544 1832 761 1887 veteranorum
771 1816 980 1905 mul'tnfiaqu

115 1936 229 2004 tionem
241 1933 396 2002 accidisse
413 1949 508 2015 quam
523 1932 694 2000 adventum
713 1934 926 2005 novitiorum.
943 1934 980 2023 Qu

115 2053 199 2120 enim
217 2053 333 2119 interea
352 2048 514 2131 evenerit,
535 2067 630 2119 nemo
647 2050 773 2117 nescita
794 2049 935 2121 fortunae
951 2051 980 2134 pi

115 2170 269 2238 rimorum
288 2166 439 2235 afflictant
471 2165 656 2233 Academiae
673 2165 804 2232 dubiam
820 2182 950 2237 somma
968 2187 980 2252 ι

116 2285 209 2352 ariam
228 2282 253 2349 F
256 2283 383 2349 cancico
400 2281 600 2365 provinciam
618 2279 758 2364 Imperio
773 2282 939 2371 adjectam.
971 2285 980 2348 i

115 2421 184 2484 que
205 2402 268 2467 hoc
292 2416 359 2467 non
385 2417 425 2467 eo
445 2399 550 2467 valere
565 2397 677 2478 debet,
700 2412 738 2462 ut
753 2411 909 2481 putemus
922 2400 980 2468 null

118 2532 182 2582 nos
210 2512 349 2596 amplius
376 2512 508 2597 naariam
536 2511 670 2594 habere,
694 2513 819 2578 nullam
850 2514 980 2599 nobiaq'

117 2624 184 2712 jam
210 2624 363 2689 rationem
387 2625 560 2690 ducendam
579 2642 669 2704 esse,
692 2623 816 2691 nuliam
831 2646 930 2713 porro
940 2646 980 2695 cai

127 2762 194 2806 eam
224 2754 365 2821 exstare,
387 2758 485 2823 quare
500 2739 620 2805 Literis
635 2742 764 2808 studere
781 2763 899 2827 operae
909 2746 980 2831 preti

122 2855 181 2924 nit.
224 2854 291 2941 Qui
321 2872 407 2921 error
421 2853 595 2919 multorum
613 2855 739 2924 animos
757 2864 951 2945 occupavit:
968 2880 980 2946 ι

121 2970 270 3053 niciosus
296 2987 394 3050 eane,
426 2983 457 3035 et
481 2969 648 3053 diligenter
675 2971 899 3047 confutandus
922 2996 980 3047 cun

122 3086 254 3163 caeteris
271 3084 486 3167 doctoribus,
508 3099 577 3152 tum
595 3087 613 3152 d
630 3103 699 3155 mea
725 3091 806 3171 qui,
827 3105 863 3159 et
877 3108 980 3161 antea*

121 3202 162 3279 ad
189 3198 368 3268 Literarum
396 3202 503 3269 studia
527 3202 695 3285 excitans,
727 3204 817 3272 haud
843 3226 980 3291 poemen

120 3334 341 3407 augumentum
375 3324 396 3388 d
421 3321 542 3404 patriae
566 3310 697 3389 caritate
723 3338 867 3406 repetere
894 3328 980 3397 colaia

118 3438 166 3509 Et
196 3439 405 3506 recordamini
429 3439 603 3521 profecto,
625 3438 800 3507 Auditores
817 3445 972 3526 veterani,

122 3552 261 3625 subinde
287 3570 348 3620 vos
373 3553 561 3641 hujusmodi
587 3553 652 3620 fere
676 3555 821 3625 oratione
844 3562 887 3628 ad
911 3560 980 3647 opti

123 3684 193 3733 rum
220 3670 335 3735 artium
361 3670 568 3755 disciplinam
595 3672 799 3739 cohortatum
813 3694 900 3748 eane,

140 3864 145 3877 ‚
166 3777 376 3863 Unicuique,
393 3782 546 3867 inquam,
563 3784 708 3866 homini,
732 3787 766 3853 in
781 3789 843 3856 hac
862 3794 980 3879 vitm

124 3910 218 3976 quam
244 3896 279 3961 in
297 3895 449 3979 civitate,
472 3900 635 3967 asumma
654 3903 723 3986 ejus
741 3902 890 3977 civitatis
905 3913 980 3995 princ

131 4024 163 4089 et
195 4027 316 4076 rectore
341 4012 412 4080 Deo
446 4033 504 4081 aua
528 4034 664 4099 persona
691 4017 864 4104 officiaque
899 4030 980 4112 impu

122 4141 214 4195 aunt.
237 4124 305 4212 Et,
321 4130 912 4235 utexmeiaueetaiuqueefficiisnunc
927 4162 980 4215 une
