2362 4936
218 544 302 640 nus.
446 524 863 628 -a'nisr'ouu

220 743 267 812 E't
288 741 376 821 quod
399 742 563 827 Epicurus
584 741 887 836 reprehendebatur,
910 744 1012 817 Deum

221 861 410 944 reliquisse,
425 877 458 925 re
472 860 666 942 sustulisse;
683 862 771 942 quod
788 863 946 930 nullamei
957 867 989 931 in
1007 885 1024 932 c

223 984 267 1047 do
283 981 402 1045 mundo
417 984 536 1062 partem
553 974 757 1059 concedens,
777 983 848 1066 ejus
862 982 1024 1051 notionem

220 1097 336 1163 animis
369 1092 536 1159 hominum
569 1093 726 1159 amaturi
752 1094 884 1161 inditam
907 1112 938 1162 et
967 1099 1024 1182 imp

117 1300 121 1314 Ι
225 1217 347 1302 ajebatt
373 1232 480 1281 nonne
508 1214 614 1280 simile
636 1213 669 1279 in
697 1215 802 1283 tribus
826 1217 890 1287 illis
916 1222 1025 1303 placiti

221 1330 421 1419 tiusfeciti
455 1331 545 1418 Quid
573 1344 622 1396 est
648 1331 759 1413 aliud,
779 1334 937 1418 judicium
967 1339 1024 1404 viri

223 1451 348 1518 natione
364 1449 403 1513 ad
428 1440 556 1513 sensum
584 1445 798 1513 irrationalem
816 1463 848 1514 et
866 1452 1024 1535 mystican

221 1563 347 1632 ritatem
366 1562 556 1665 transferre,
579 1565 608 1628 si
630 1565 693 1628 hoe
710 1568 777 1627 nun
804 1564 880 1630 esti
910 1562 1023 1632 Pueris

167 1705 172 1712 ·
224 1682 259 1751 bi
285 1684 366 1748 istae
397 1679 521 1761 species
548 1686 772 1747 ostententurs
804 1680 980 1764 sapientiae
1011 1703 1024 1751 s

222 1796 420 1884 argumentis
442 1814 473 1861 et
498 1795 678 1864 rationibus
704 1798 893 1863 doceantur.
939 1797 1024 1886 Q'uar

220 1933 288 1984 tem
312 1916 377 1980 iilis
397 1912 532 1996 placitis
552 1918 752 1980 antinomias
773 1914 858 1979 litem
885 1916 1022 1980 intendit

223 2035 283 2102 lud
307 2032 396 2114 agit,
420 2044 455 2093 ut
478 2029 626 2097 ostendat
648 2047 757 2094 eorum
783 2029 1025 2095 demonstratiot

225 2145 291 2212 huc
318 2144 336 2209 a
363 2141 570 2225 philosophis
596 2140 741 2216 inventas
765 2154 796 2206 et
818 2156 990 2223 usurpatas
1018 2161 1024 2207 r

224 2282 317 2342 cere,
340 2261 372 2325 in
396 2268 563 2341 utramque
588 2268 708 2340 partem
732 2259 857 2337 valere,
881 2273 940 2321 nee
968 2275 1024 2339 mat

225 2375 399 2447 monstrari
414 2393 512 2457 posse
529 2372 582 2438 ilia
600 2384 673 2436 vere
690 2390 785 2454 quam
807 2369 887 2434 falsa
906 2389 1001 2436 esse:
1020 2372 1024 2435 l

225 2509 369 2561 turcum
388 2493 477 2576 agit,
500 2489 582 2555 nihil
601 2489 679 2572 agit.
715 2488 831 2553 Partim
853 2488 937 2552 enim
957 2490 1024 2553 dem

224 2607 333 2676 tiones
359 2605 431 2669 illas
451 2604 722 2684 philosophorum
750 2616 816 2667 non
847 2604 926 2666 satis
949 2605 1024 2685 plen.

225 2738 336 2788 curate
359 2712 485 2783 retulit:
511 2717 643 2783 omuino
665 2730 769 2782 autem
801 2737 867 2785 non
884 2721 1024 2804 cogitass

226 2851 262 2905 te
278 2852 345 2904 non
368 2846 497 2901 curasse
514 2833 663 2916 uidetur,
686 2835 826 2901 eamdem
846 2836 1021 2903 machinam

227 2957 394 3039 seipsum
426 2953 571 3019 converti
595 2962 717 3038 posse}
750 2959 887 3022 eamdem
913 2976 983 3024 esse
1007 2978 1024 3025 e

224 3072 374 3144 omnium
415 3069 668 3155 theorematum,
715 3075 860 3156 exceptis
897 3075 1024 3141 mathen

223 3186 378 3272 quamvis
408 3201 493 3252 recte
523 3201 698 3270 exacteque
721 3189 1011 3257 demonstratorum

225 3304 425 3372 contrarium
445 3301 589 3368 converti
610 3302 761 3385 possint,
785 3319 817 3370 et
843 3307 876 3372 in
895 3322 1024 3389 uttamq

227 3433 294 3484 tem
313 3421 352 3485 de
374 3419 414 3484 iis
439 3418 600 3499 disputare
624 3418 737 3482 liceat:
760 3437 791 3484 et
807 3419 840 3486 in
858 3422 940 3487 hane
959 3430 1025 3487 anti

227 3552 377 3599 caussam
392 3531 494 3617 magis
515 3530 606 3598 etism
623 3531 759 3614 plurima
776 3534 827 3599 sui
846 3534 949 3616 ipsius
964 3538 1022 3602 dec

229 3640 358 3731 cidere,
381 3665 447 3730 quo
465 3649 556 3729 plura
581 3646 651 3730 ipse
668 3646 737 3714 sine
750 3647 1023 3718 demonstratione

229 3762 302 3828 lans
321 3761 512 3843 dictansque
528 3761 651 3844 posuit.

267 3861 296 3944 7.
328 3874 391 3941 Sed
416 3875 601 3958 singillatim
629 3876 788 3962 principia·
816 3879 992 3951 uideamus.

144 3996 147 4001 ’
229 4008 341 4061 omnes
365 3990 404 4056 ab
432 3990 518 4057 omni
545 4011 624 4059 aevo
658 3995 817 4060 tenuerint
848 3997 1024 4080 philosoph

230 4105 389 4176 sensibiles
413 4105 461 4175 ad
480 4106 613 4198 Tempus
632 4123 663 4175 et
687 4111 837 4198 Spatium
863 4131 925 4178 esse
954 4112 1024 4179 adst
