2362 4936
295 499 379 578 so
428 501 828 582 noscamus.
977 487 1057 600 „s

119 704 153 761 tt
162 693 223 776 aus
235 693 292 769 Ars
306 690 440 757 Poetiea
455 691 624 780 loquitur:
637 690 715 774 jam
728 692 903 759 ueroeam·
912 688 1025 761 Grau·

117 810 164 873 eis
176 806 280 875 literis
293 823 359 871 non
373 805 464 871 modo
479 808 667 889 excultum,
689 806 746 875 sod
760 807 920 896 repletum
930 807 1023 889 suis·

119 937 168 1002 te,
184 932 314 1009 ettotam
339 943 363 987 a
388 920 517 988 Graeco
534 921 631 1005 fonte
651 941 818 1004 manasse,
842 935 875 988 et
895 923 1037 1008 singuli,

116 1055 207 1103 tersus
219 1048 248 1100 et
260 1048 330 1102 tota
343 1050 497 1123 poemata
509 1035 655 1125 produnt
666 1056 679 1099 .·
694 1039 823 1121 igitur,
843 1050 882 1104 ut
896 1042 936 1103 in
950 1037 1019 1118 ejus
1039 1104 1045 1113 ,

117 1148 294 1218 Cerulnibas
315 1150 549 1217 sublimitatem
573 1163 605 1216 et
626 1149 847 1232 majestatem,
869 1153 905 1217 in
920 1153 1012 1217 Saot-

117 1270 155 1330 sis
169 1279 197 1330 et
209 1262 573 1352 Epistolissapientiam
590 1278 622 1330 et
637 1264 863 1332 urbanitatem
885 1269 990 1330 miror
1000 1288 1023 1349 ,·

116 1381 156 1444 ita
172 1378 251 1447 otta
265 1379 351 1446 unde
366 1383 448 1447 boec
459 1374 645 1464 fluxerint:
666 1397 799 1468 agnosco
815 1378 936 1445 inillis
951 1382 1020 1464 Ly.

118 1495 187 1559 rieot
208 1494 364 1576 Graecos,
393 1494 571 1576 Alconem,
600 1493 809 1575 Pindarum,
831 1493 1024 1582 Sapphums.

118 1610 204 1675 iobis
220 1610 422 1689 Socraticos,
445 1607 639 1690 Platonem,
663 1608 892 1690 Aristotelem,
921 1609 949 1674 Τ
946 1610 1021 1675 beo·

60 1752 64 1805 ς
114 1702 280 1811 pisostum,
293 1721 450 1791 Bionem:
466 1726 504 1789 in
519 1728 667 1813 utrisque
681 1744 800 1790 omnem
818 1723 1026 1792 Graecorum.

60 1808 65 1927 l
118 1839 325 1907 eruditionem:
353 1845 430 1928 quis
458 1844 543 1906 enim
558 1838 662 1922 ‘hujus
686 1844 824 1925 ignarus
844 1839 1025 1921 Horatium

60 1930 64 2039 l
116 1952 284 2040 intelligat?
317 1953 379 2020 sel
399 1955 593 2022 exercitatio
616 1974 656 2018 ae
682 1952 842 2027 doctrina¹
858 1959 1019 2022 extrinse-

60 2046 62 2059 '
113 2084 154 2131 eos
167 2071 312 2150 tentant,
333 2070 500 2153 ingenium
518 2071 713 2135 intrinsecus
732 2069 773 2134 ab
794 2071 867 2155 ipse
891 2084 1024 2139 notura¹
1108 2148 1116 2155 ι

114 2180 223 2248 insitum
238 2181 346 2253 adesse
361 2181 476 2251 debet:
495 2185 589 2267 cujus
606 2186 671 2251 nisi
679 2200 854 2271 ‘tamquam
870 2181 949 2270 agri
964 2185 1019 2251 bo·

115 2301 186 2364 nites
200 2298 315 2379 subsit,
337 2298 588 2368 exercitationis
611 2317 651 2363 ae
677 2297 847 2366 doctrinae
867 2304 1016 2392 quamsit

113 2410 456 2496 benasenoinafsustra
481 2415 760 2492 incuterentur,
782 2432 821 2477 ese
836 2410 1027 2499 pereunt.‘’-

111 2526 238 2606 „Pione
257 2539 384 2608 tecum,
405 2526 541 2610 inquis,
565 2530 689 2592 sentio:
717 2525 808 2590 morlo
835 2547 875 2592 ne
896 2533 933 2592 in
959 2527 1016 2594 do·

107 2644 216 2710 urinae
241 2643 469 2710 instrumentis
493 2658 638 2707 numeres
653 2643 720 2709 ista
736 2641 923 2730 compendia
940 2646 1017 2711 eloe-

106 2758 208 2823 toeieae
222 2769 256 2822 et
267 2756 436 2843 poeticae,
459 2776 522 2820 non
546 2753 617 2823 dieo
643 2755 855 2842 antiquorum
881 2772 941 2825 aut
967 2757 1022 2826 ool

106 2879 256 2959 antiquom
277 2871 440 2937 rationem
459 2868 688 2951 scribentium,
700 2869 760 2936 scd
771 2873 1015 2941 novissimorum

102 2982 197 3067 jejune
216 3002 246 3052 et
272 2990 393 3053 misere
426 2977 764 3073 philosophantium&
813 3031 835 3070 „
853 2988 931 3054 Non
950 2988 1013 3072 fet·

107 3101 198 3182 dees,
217 3102 373 3184 inquamt
395 3097 485 3167 modo
508 3113 545 3165 tu
572 3101 654 3168 mihi
681 3102 820 3170 uicissim
841 3104 1014 3186 corneolos,-

105 3211 237 3304 bsdieque
251 3219 334 3280 item
351 3227 576 3305 comparatum
593 3227 708 3284 esseut
735 3219 938 3304 antiquitus,
960 3239 1014 3284 ne·
1028 3259 1042 3269 -<

104 3349 150 3416 que
165 3348 254 3421 poste
279 3326 474 3420 quemquam
503 3327 574 3399 ulla
598 3331 634 3394 in
658 3328 853 3398 Litorarum
879 3338 1018 3402 scicntia

103 3459 127 3510 et
140 3445 302 3529 facultate
326 3464 481 3529 magnum
507 3444 671 3527 existere,
704 3465 761 3512 nec
785 3446 861 3511 bene
881 3464 1015 3536 prosam

104 3560 245 3643 scribere,
268 3581 328 3625 neo
342 3558 427 3626 bona
441 3570 593 3643 poemata
615 3575 779 3646 pangere,
803 3564 868 3626 nisi
887 3560 935 3632 oe
956 3584 1034 3643 naq,

104 3676 226 3742 totalem
244 3677 376 3760 ingenii
388 3671 593 3755 facilitatem
610 3672 744 3741 accedat
766 3682 955 3745 exercitatio
979 3656 1017 3745 et

106 3785 253 3872 luerim,
276 3787 403 3866 idest,
425 3798 463 3852 ut
481 3786 612 3852 Veteres
623 3803 779 3877 perpetuo
796 3792 959 3877 legamus,
981 3804 1018 3859 et

107 3919 182 3989 saepe
195 3906 398 3989 multumque
416 3899 610 3981 scribamus,
632 3917 806 3992 nostraque
824 3915 949 3995 screpta
966 3931 1014 3974 se·

102 4013 168 4089 iulo
185 4042 247 4105 eon
266 4021 432 4094 Veterum
450 4017 578 4103 seriptis
592 4035 809 4106 comparemus
828 4020 878 4089 oi
890 4045 1014 4090 coeam-

527 4130 558 4199 D
581 4150 600 4216 3
695 4168 699 4177 ,
890 4116 893 4121 ⁵
953 4157 1016 4227 que
1087 4114 1095 4127 ’
