2362 4936
93 530 177 633 pp
238 564 254 629 4
340 503 830 623 nrsrursrto'

105 728 250 811 pionem.
298 718 345 786 Et
367 715 507 801 primum
531 714 616 782 iliud
639 726 689 782 est
714 714 910 798 tenendum,
941 717 1004 802 qual

109 839 299 910 monuimus
327 831 366 897 de
386 831 539 910 Platone,
571 847 690 897 nomen
723 833 804 908 eale
835 848 902 897 non
935 848 1005 901 unm

109 964 299 1027 constanter
322 945 437 1012 habere
457 945 540 1013 uim.
582 945 707 1012 Deinde
731 945 878 1015 inlibris
894 966 1008 1031 prauus«

106 1069 173 1149 nm
192 1061 379 1133 Eumeneia
406 1059 614 1129 Aristotelem
646 1078 685 1143 se
709 1061 751 1128 ad
774 1063 938 1146 popularet
957 1084 1007 1131 aaa·

110 1179 193 1273 pius
212 1175 475 1245 accommodasse
495 1173 679 1259 opiniones.
723 1170 813 1239 Tum
835 1172 908 1241 hme
920 1190 1008 1257 repra·

110 1292 303 1386 ltensionem
329 1289 393 1361 hoc
420 1289 495 1372 ipso
521 1292 652 1359 nomine
673 1306 789 1373 patum
806 1290 921 1373 valete,
934 1282 1007 1371 quod

116 1405 163 1472 sit
197 1403 342 1489 profecta
376 1403 417 1470 ab
452 1404 615 1488 Epicureo
640 1404 790 1491 Velleio,
816 1405 875 1491 qni
904 1407 1042 1473 mustei

116 1537 199 1593 auae
216 1519 403 1609 inserviens
431 1519 515 1587 alios
534 1519 752 1605 philosophos
777 1523 909 1591 libenter
927 1522 959 1589 in
976 1536 1007 1586 et·

116 1634 203 1707 roris
225 1633 445 1717 suspicionem
476 1632 618 1702 adducit.
672 1633 799 1720 Porro,
820 1636 906 1719 quod
926 1632 1005 1701 Dela
1028 1640 1042 1682 Ε

117 1744 387 1833 Mettph..XlV,
410 1764 455 1837 7,
486 1745 627 1815 Ammal
646 1746 778 1818 beatum
807 1762 903 1837 atqua
925 1760 1006 1815 aella

114 1886 195 1943 atum
219 1876 340 1948 vocat,
357 1882 430 1946 »quo
457 1864 589 1932 nomine
616 1865 858 1947 reprehenditur
875 1867 912 1933 ab
932 1864 1007 1931 Atit·
1029 1868 1042 1912 ¹

118 2001 238 2069 nagora
261 1981 376 2068 Legat.
394 1981 466 2063 Vl,
493 2001 543 2052 11.
567 1982 630 2048 hoe
650 1999 719 2048 non
743 1998 787 2047 ex
807 1980 942 2065 suaipse
952 1995 1009 2044 seu·
1034 1982 1042 2027 :

119 2104 221 2173 tentia
236 2102 450 2184 pronunciat,
474 2101 530 2166 ssd
546 2097 670 2183 vulgari
698 2098 866 2166 hominum
881 2096 1007 2182 opinion
1026 2093 1040 2111 ⁹

119 2217 219 2299 ferri,
242 2216 335 2287 dicit.
379 2216 416 2283 ln
443 2216 528 2285 libro
549 2217 590 2284 de
613 2214 771 2298 Mundo,
805 2215 862 2299 qui
880 2208 1032 2287 fucat·

118 2331 231 2407 buitur
252 2331 444 2412 Aristoteli,
467 2349 516 2396 res
535 2346 637 2397 tamen
659 2334 831 2403 traduntur
852 2324 1006 2403 minineai

119 2446 191 2539 ejus
216 2444 361 2511 doctrina
384 2444 610 2528 abhorrentes3
644 2442 690 2510 ibi
716 2446 824 2528 capite
848 2446 953 2516 ultimo
975 2440 1008 2507 d·
1030 2474 1042 2489 .

120 2574 206 2626 secte
226 2560 345 2625 dicitur
364 2560 470 2626 Deam
491 2558 570 2624 lica
586 2561 700 2623 unlcus
719 2562 783 2639 alt,
805 2562 1009 2626 satiatem

119 2675 237 2742 habeta
260 2673 501 2762 appellationes.
550 2671 613 2738 Sed
633 2690 671 2738 ex
688 2673 848 2756 &amanis
863 2673 931 2758 ejus
942 2666 1009 2736 libri

120 2789 305 2863 testimonia
331 2805 493 2870 petamus..
535 2786 671 2870 Physic.
699 2787 805 2857 Ausc.
827 2787 929 2857 Libro
944 2780 1011 2852 vul

119 2903 166 2975 ita
198 2901 329 2968 locutus
359 2916 409 2967 est
440 2902 480 2967 de
512 2921 626 2968 caussa
665 2907 768 2986 prima
802 2912 1016 2987 movente‚ui

119 3018 226 3085 omnia
243 3021 272 3084 ei
294 3019 479 3104 adjungeret
504 3037 586 3100 quae
606 3019 640 3087 in
655 3020 866 3093 Divinitatent
884 3024 1020 3091 caderent.

119 3136 204 3221 Cap.
216 3153 250 3224 7.
273 3139 310 3223 §.'
325 3139 358 3206 6.
371 3138 540 3229 probabile
561 3158 638 3220 asse,
658 3140 724 3220 ait,
745 3139 840 3207 illam
859 3146 1042 3228 potinum*

118 3252 325 3336 ἒνῆπολλὸ,
341 3275 412 3328 cum
424 3265 563 3344 propter
577 3274 689 3320 rerum
706 3257 743 3318 in
759 3254 819 3320 lac
834 3252 948 3322 manao
960 3271 1024 3316 aaa·

116 3392 260 3453 sensum,
282 3386 350 3439 lum
365 3369 449 3459 quod
469 3391 532 3439 nan
557 3368 706 3453 definitus
728 3391 844 3455 aarum
872 3377 917 3445 all
935 3385 1042 3469 sarna

119 3509 199 3569 rus,
221 3503 254 3553 st
270 3509 338 3555 aaa
355 3501 464 3559 tamen
484 3486 639 3575 sufficiat:
665 3502 697 3553 et
721 3487 755 3569 S.
769 3505 804 3570 7.
834 3486 969 3554 nomes
982 3482 1028 3549 td·

117 3598 201 3695 ferre
224 3618 363 3668 conatur
379 3601 569 3671 necessarias
591 3602 662 3686 ejus
685 3599 884 3673 sententiaea
915 3597 1030 3691 Matura

116 3694 204 3779 anian
219 3734 281 3779 essa
297 3729 467 3788 asternunt
484 3727 517 3785 al
535 3717 741 3796 continuam,
765 3712 911 3803 adeoque
924 3724 1029 3781 um:

115 3842 234 3897 malum
258 3848 334 3897 acra
358 3849 456 3899 unum
484 3849 632 3895 essenon
654 3847 765 3917 posse,
795 3833 864 3896 alsi
891 3833 922 3895 sa·
945 3830 1031 3895 allel

115 3932 215 4022 aarum
241 3932 328 4033 quad
348 3960 516 4014 moveatur
531 3960 564 4012 at
578 3967 676 4011 unum
693 3944 779 4032 qaod
791 3960 936 4017 marsal.
951 3937 1032 4017 conf·

116 4079 192 4169 cap.
214 4080 265 4157 15·
307 4059 352 4140 lt
373 4063 413 4131 de
430 4064 537 4137 eadem
555 4080 667 4137 caussa
685 4062 791 4149 prima
810 4080 964 4137 movente
979 4061 1039 4134 dis·

1001 4191 1042 4249 il·
