2362 4936
100 570 146 662 α
304 628 309 636 -
400 569 792 649 EPISTOLA·

86 767 279 847 ·'omnium‚
302 766 412 846 quod,
433 763 508 828 dum
526 763 662 848 juvenes
683 761 825 830 fuimus:
849 779 924 831 nam
941 774 1041 832 nune

106 882 293 969 provectior
304 894 389 946 actas
407 880 619 964 ajuvcntutis
632 879 795 946 erroribus
811 897 892 961 nos,
905 882 1035 965 creda,

108 995 289 1066 liberavitr,
304 995 360 1060 Tu
384 1009 469 1060 meas
496 995 631 1077 ineptias
650 993 777 1076 tulisti,
801 1009 838 1061 ut
862 1013 923 1080 ego
942 1011 1035 1063 tuas.

109 1113 256 1193 Deinde,
279 1111 367 1193 quod
385 1111 465 1176 mihi
484 1111 597 1176 multis
616 1111 761 1193 partibus
783 1113 937 1194 prodesse
960 1127 1040 1180 stuc

111 1227 226 1294 duisti.
277 1225 401 1293 Recens
426 1244 476 1291 me
498 1228 694 1311 cognitum,
726 1244 763 1293 ut
787 1230 859 1310 ipse
880 1229 1034 1310 amabas,

1 1382 4 1389 ·
114 1344 304 1426 ita-operam
320 1341 418 1409 dabas
438 1355 475 1409 ut
492 1341 545 1408 alii
567 1358 725 1423 amarent,
749 1345 872 1426 quibus
891 1363 941 1412 me
957 1362 1044 1413 con·

76 1466 78 1471 '
114 1460 282 1529 ciliassesr
300 1476 384 1524 meas
396 1457 507 1523 laudes
526 1458 745 1540 praedicabas,
760 1477 909 1540 meaeque
924 1460 1040 1527 existi·

120 1574 295 1655 marionis,
318 1590 353 1639 ut
370 1576 441 1658 ipse
457 1575 543 1641 soles
558 1575 683 1656 dicere,
703 1576 873 1641 bucinatot
887 1595 971 1643 eras.
992 1575 1042 1646 Et

119 1691 149 1758 si
173 1692 303 1773 quando
326 1706 540 1776 aegrotarem,
562 1692 650 1774 quod
668 1706 800 1774 propter
813 1693 890 1756 caeli
907 1697 1036 1763 etaeris

118 1807 298 1873 novitatem
315 1805 400 1872 haud
416 1825 487 1874 raro
509 1808 624 1889 fiebat,
647 1821 736 1873 tanta
756 1824 808 1872 mc
826 1807 994 1890 diligentia
1009 1823 1044 1876 et

120 1921 339 1989 sollicitudine
356 1913 741 2004 invisebas,.tractabas,
763 1922 919 2002 curabas,
943 1940 981 1991 ut
995 1925 1045 1992 nil

120 2036 281 2103 amantius
308 2035 480 2121 excogitari
498 2054 622 2120 posset.
670 2036 785 2120 Neque
802 2035 958 2121 mihiipsi
974 2054 1050 2106 tan·

124 2151 314 2234 tummodo,
336 2153 393 2218 sed
407 2166 440 2217 et
455 2152 649 2235 disciplinae
664 2153 792 2217 favebas
812 2168 917 2233 meae,
941 2172 1048 2236 neque

124 2265 293 2334 desinebas
323 2267 543 2333 adolescentes
571 2268 712 2347 hortari,
744 2271 780 2332 ut
804 2265 832 2331 ei
855 2284 890 2332 se
912 2269 1046 2337 darenta

104 2399 227 2466 'eoque
242 2378 390 2465 maiorem
406 2379 605 2466 percipiebas
619 2382 725 2447 laudis
742 2397 772 2445 et
787 2382 969 2462 voluptatis
980 2382 1052 2449 fru-

121 2512 236 2579 ctum,
260 2514 328 2579 quo
356 2497 476 2582 majore
501 2515 586 2563 meae
602 2498 734 2563 scholae
755 2495 932 2577 frequentia
948 2497 1053 2566 disci·

124 2610 278 2694 pulorum
296 2611 459 2678 florerent.
502 2610 604 2676 Porro
621 2629 720 2693 qnum
738 2631 786 2678 res
803 2628 867 2677 mea
883 2628 1052 2698 ageretur,

128 2726 164 2790 in
190 2725 385 2790 decernenda
410 2724 490 2790 mihi
516 2742 623 2807 nova,
646 2725 681 2792 in
710 2730 874 2796 Athenaeo
887 2728 1056 2798 Amstelo.

129 2841 292 2922 demensi,
313 2838 544 2924 Philosophiae
567 2841 736 2923 cathedra,
760 2858 850 2909 tuum
878 2843 960 2909 inter
983 2863 1055 2911 cae·

130 2972 217 3022 ceros
241 2955 364 3020 amicos
385 2955 421 3021 in
446 2955 558 3037 primis
580 2955 717 3021 eminuit
739 2957 905 3038 studium,
928 2963 1054 3044 agenda

130 3084 163 3136 et
177 3068 328 3135 omnibus
341 3070 467 3137 vitibus
484 3072 718 3138 contendendo.
762 3071 916 3156 Cunrque
930 3075 1059 3159 aliquo·

131 3185 194 3250 ries
217 3185 458 3251 hmsrelodarno
474 3162 513 3250 ad
529 3183 606 3250 alias
627 3184 781 3254 stationes
807 3187 980 3271 invitarer,
1001 3188 1057 3257 Tu

50 3344 54 3349 -
134 3298 293 3363 continuo
311 3316 362 3363 me
382 3298 585 3379 convenisti,
607 3302 765 3383 suadens,
787 3303 940 3386 hortans,
966 3305 1058 3390 flagi·

136 3426 230 3494 taus,
252 3431 293 3478 ne
311 3411 518 3496 obsequerer.
563 3415 607 3482 Et
636 3416 694 3497 hac
717 3433 878 3499 postrema
904 3418 1058 3489 Leidensi

133 3527 321 3594 conditione
346 3528 425 3594 milri
448 3530 584 3610 oblata,
615 3547 652 3598 ut
677 3550 792 3599 rursus
823 3534 902 3601 mihi
929 3552 1059 3618 praesto

124 3639 251 3709 ¹fuisti!
280 3638 422 3726 docens,
445 3663 602 3727 monens,
624 3651 819 3732 postulans,
842 3670 882 3718 ne
911 3655 1062 3722 luculen.

139 3745 417 3843 annotationem,
442 3763 551 3828 urbem
572 3780 690 3846 gratam
710 3782 743 3835 et
764 3768 857 3849 quasi
872 3769 1059 3854 adoptivam

134 3873 295 3956 patriam,
322 3872 445 3942 multos
467 3878 528 3942 mei
554 3895 586 3944 et
611 3897 751 3949 amantes
769 3898 801 3948 et
822 3886 990 3954 studiosos
1016 3906 1068 3954 re·

136 3990 333 4070 linquerem:
356 4009 414 4058 nec
437 3992 529 4074 prius
557 3996 636 4064 meis
656 4000 833 4069 rationibus
853 4008 1060 4091 concedens,

138 4125 234 4190 quam
247 4108 410 4180 intellecto
424 4114 623 4184 conditionis
636 4116 909 4207 hujus'momeoto
918 4124 1063 4194 adcaus-

990 4255 1062 4309 saul
