2362 4936
64 506 68 559 ι
285 446 378 565 Μ)
432 482 836 578 nosen-nun.
911 508 913 513 ·
991 516 1032 593 53

125 684 198 767 lot,
214 683 364 763 lectoris,
387 696 507 749 rnotorn
525 688 688 767 regentis,
714 695 746 747 et
764 680 917 748 arderent
936 683 1027 748 alen·
1128 752 1131 758 ,

127 808 187 868 tis:
201 798 246 864 sel
256 802 364 863 narra
384 799 486 877 nihi,
507 798 612 879 sodes,
634 780 788 888 quincto
805 818 899 884 quern
917 800 1027 862 incen-

126 904 199 982 dai:
210 913 305 996 joras
334 894 399 976 hoe'
417 914 501 977 scire
528 925 561 975 et
581 911 733 998 proderit
754 911 803 1003 ad
820 932 923 977 rnenrn
948 912 1032 976 enini

126 1048 216 1096 nones
230 1043 314 1093 recte
336 1024 529 1092 tuendum.”
573 1038 600 1108 „'
615 1024 721 1107 Vide,
744 1026 876 1108 inquis,
898 1047 1029 1114 quomo·

120 1143 155 1210 lo
168 1160 273 1229 usn:
291 1138 550 1206 adolescentulos·
561 1122 678 1205 studiis
700 1139 877 1207 destinatos
896 1161 1028 1222 moneo,

121 1272 152 1324 ot
169 1256 327 1324 aturtuant
350 1253 441 1345 qnod
463 1260 506 1321 sit
523 1268 714 1321 nomentano
730 1253 911 1322 studiorum
921 1280 938 1338 ‚·
956 1259 1026 1323 sine

121 1371 226 1438 literis
249 1370 389 1440 Graecis
414 1382 447 1434 et
461 1369 595 1438 Latinis
615 1371 741 1437 nullam
759 1389 822 1435 esse
835 1373 871 1436 in
887 1369 956 1436 ullo
972 1392 1029 1457 ge·
1099 1438 1104 1449 ,

122 1507 186 1552 nere
203 1486 353 1552 salutent:
375 1481 503 1550 ostendo
529 1483 698 1571 exempla,
721 1486 862 1551 honines
887 1486 944 1574 qui
966 1487 1029 1554 hae

121 1600 379 1670 narranaam
393 1598 538 1687 glorian
553 1614 731 1681 nonerunt,
748 1613 779 1666 ct
794 1618 930 1680 rursus,
947 1602 1025 1687 qni,

119 1715 237 1804 neglecte
267 1715 380 1781 carleno
407 1709 486 1795 ria,
508 1714 645 1800 inglorii
671 1729 703 1779 et
731 1700 882 1782 contenti
903 1734 1028 1782 manse·

119 1844 200 1896 nont:
212 1827 304 1912 filtro
330 1843 365 1894 et
394 1831 624 1895 auctoritatem
652 1829 734 1896 noiloi
746 1832 841 1913 facio
857 1830 948 1919 apul
963 1853 1025 1897 au·

116 1943 233 2011 aitrus:
251 1943 416 2013 credunt:
437 1957 514 2008 tunc
523 1926 676 2030 pu'lerurn
693 1945 833 2031 aliquem
848 1959 963 2034 poetae
976 1947 1041 2010 lo·'

113 2080 168 2126 tou
181 2062 220 2125 iis
230 2060 410 2150 praelego,
431 2073 470 2125 ut
487 2072 678 2125 moneantur
693 2071 726 2122 et
743 2058 864 2124 attenti
881 2061 1025 2126 raddon·

116 2174 181 2241 tur':
205 2176 285 2242 ione
314 2177 360 2240 iis
386 2176 489 2240 locunt
516 2175 739 2261 interpretor,
762 2172 933 2241 uerborum
957 2181 1023 2245 nino

116 2293 226 2378 operio,
244 2292 510 2355 constructionem
535 2299 648 2368 necto,
670 2293 844 2354 sententias
862 2287 1018 2375 declaro,

115 2404 262 2488 naufeste
280 2418 311 2469 et
336 2395 589 2490 significanter:
612 2421 702 2481 eece,
724 2401 829 2482 illud,
852 2396 948 2490 quarn
965 2426 1019 2473 oe.

111 2525 244 2586 arton!
255 2539 292 2584 en
308 2521 367 2585 hoe
377 2563 389 2598 ,
399 2537 497 2603 quana
507 2516 665 2582 sublimo!
683 2513 790 2584 uldcn'
804 2515 888 2580 iarn
900 2520 1019 2604 iniagi·

111 2656 188 2717 nen,
209 2639 303 2724 quasi
320 2635 490 2721 picturam
515 2629 612 2696 oeulis
635 2631 833 2716 subjectam!
853 2638 1020 2705 sentisne?

108 2749 208 2817 loon
228 2755 281 2816 ita
295 2760 564 2834 pertractatum,
596 2732 697 2814 dertuo
721 2752 762 2814 iis
784 2753 961 2840 praelego:
983 2773 1015 2824 ee

106 2865 271 2952 plerunque
288 2866 342 2927 ita
365 2865 569 2948 officiuntur,
592 2877 631 2927 tet
650 2885 722 2928 eren
735 2882 833 2951 pocta
851 2873 887 2931 in
909 2872 1014 2944 altum

111 2979 228 3061 nolent,
251 2999 309 3044 nea
329 2976 516 3064 relinquere
539 2996 609 3043 eroon
635 2979 738 3047 nolint
761 2979 858 3047 donec
872 2978 1017 3075 perlegi·

111 3093 199 3160 rint.”
239 3139 262 3175 „
285 3091 364 3157 Nae
387 3105 423 3158 tu
433 3110 449 3173 ,⁸
467 3095 623 3175 inquom,
647 3095 781 3180 Bosohi,
811 3100 1013 3195 philosophus

106 3228 146 3290 n,
163 3210 287 3275 lictt'tc
312 3225 376 3272 esse
393 3211 513 3272 nescias
534 3221 566 3272 et
582 3206 701 3275 nolis.”
745 3255 773 3292 ‚,
789 3213 885 3297 Quid
905 3212 1018 3286 lt'aj'e‘”

106 3366 124 3402 „
137 3323 222 3409 Quia
250 3321 503 3389 adolescentibus
528 3323 600 3390 olas
627 3323 745 3406 addis,
772 3348 880 3414 eosque
904 3334 1017 3400 volare

104 3437 198 3504 loces:
229 3440 299 3524 lege
325 3435 496 3502 Platonem
519 3441 554 3504 ln
576 3439 751 3521 Phaedro,
772 3443 933 3512 docentem
960 3451 1018 3518 looa

103 3571 153 3615 esre
167 3552 393 3640 philosophiae
403 3558 575 3641 proprium
602 3575 737 3637 nunus,
760 3561 902 3627 excolere
918 3578 949 3629 et
966 3569 1019 3630 in·

103 3679 209 3734 nrucre
231 3670 306 3736 alas
331 3670 459 3750 artioni,
483 3667 593 3753 quibus
620 3690 661 3736 erc
686 3674 734 3736 his
758 3679 898 3741 terronis
925 3679 1017 3745 rebus

107 3778 142 3841 ol
156 3782 302 3849 coelestia
322 3781 445 3849 etolet:
467 3781 523 3848 sed
535 3783 629 3867 cedo,
653 3786 732 3853 locos
747 3808 822 3875 quos
839 3792 1018 3859 adolescan-

105 3891 170 3959 tiios
179 3915 241 3984 pro
261 3897 403 3961 alarum
420 3901 514 3982 quasi
533 3905 667 3987 remigio
683 3901 838 3973 adhibes?
848 3905 872 3934 ”
902 3954 926 3988 ,,
939 3909 1017 3974 lla!

101 4002 210 4080 Veteres
228 4010 445 4104 philosophi:
476 4014 512 4080 ni
527 4013 590 4080 alil
599 4018 744 4099 fuerunt
762 4033 860 4108 atque
876 4024 933 4087 isti
960 4023 1016 4084 no-

573 4130 649 4247 D.4
964 4138 1017 4199 ale
