2362 4936
13 646 17 655 .
97 614 170 689 ρο
267 576 801 658 nrsourauru

111 785 265 856 Clemens
277 769 535 850 Alexandrinus,
557 766 745 853 Eusebius,
769 769 926 856 atiiqaer

113 900 172 985 qul
187 893 294 966 omnia
315 870 458 971 undique
473 885 674 954 Graecorum
698 888 904 972 Scriptorum
923 921 926 952 r

115 1012 204 1082 dacia
227 1002 411 1074 testimonla
437 999 555 1085 cupide
587 1001 794 1084 solliciteque
832 1023 926 1090 eonor

118 1142 217 1208 runt,
238 1123 306 1192 veri
328 1120 458 1206 quidem
478 1118 614 1201 sanique
641 1119 765 1186 adferre
787 1122 839 1187 nil
857 1140 926 1206 pom

119 1245 171 1314 De
186 1258 253 1325 quo
268 1236 439 1317 dicemus,
460 1246 671 1318 posteaquam
700 1236 740 1302 de
759 1237 923 1305 Alexandri

122 1350 384 1443 exposuerimus.
426 1347 533 1430 Nam,
567 1349 778 1430 quodmodo
801 1352 926 1421 diximus

120 1474 223 1540 Areos
239 1464 378 1535 Graecia
395 1477 474 1549 post
491 1462 578 1529 illam
592 1464 718 1531 &mum
737 1481 873 1535 aetatem
892 1468 926 1534 iu

124 1603 184 1665 ae,
210 1583 276 1650 hoe
301 1597 367 1648 non
388 1596 454 1644 eam
481 1577 548 1644 tiur
578 1577 695 1660 habet,
724 1597 761 1646 ac
786 1579 817 1646 ai
839 1596 926 1658 tunc¹

124 1686 284 1766 continuo
300 1711 359 1777 per
378 1690 519 1761 Graecas
538 1706 647 1777 gentes
661 1711 783 1760 nomen
806 1696 926 1783 aliquod

126 1808 370 1893 recoepiasent.
413 1806 517 1873 Immo
534 1805 580 1872 ita
597 1825 631 1872 se
647 1825 696 1872 res
722 1808 843 1892 habea,
863 1824 898 1877 nt
916 1830 926 1875 r

128 1938 237 1993 tamen
254 1920 361 1989 nouis
379 1933 413 1987 et
436 1921 573 1991 obscura
596 1920 679 1986 inter
703 1920 855 1992 Graecos
877 1924 926 1992 foc

130 2042 280 2108 dacorum
315 2035 490 2121 cognitio,
531 2036 631 2104 donec
666 2053 777 2104 eorum
812 2039 926 2125 regios

129 2154 382 2223 Ptolemaeorum
411 2164 444 2217 et
474 2148 707 2217 Seleucidarum
742 2150 841 2219 bellis
875 2153 926 2220 isa

130 2283 240 2351 retur,
262 2281 298 2335 et
312 2264 456 2334 coloniae
469 2264 506 2332 ia
523 2266 708 2351 Aegyptum
726 2281 757 2333 et
774 2265 926 2352 syram<

131 2399 253 2456 rentur.

139 2552 143 2561 .
183 2501 229 2568 Et
244 2500 383 2584 primurn
404 2501 531 2585 quiden
550 2499 729 2586 Scriptores
744 2518 849 2569 rerum
865 2501 926 2570 Ale

137 2615 341 2700 quiquidem
368 2615 549 2701 fidedigni
574 2631 674 2699 sunt,
695 2619 736 2684 ad
758 2631 862 2686 unum
890 2638 926 2686 ou

131 2730 262 2818 Judaels
286 2741 407 2799 tacent.
456 2731 560 2812 Atqui
585 2731 649 2796 hoc
677 2733 786 2814 ipsum
812 2745 878 2800 erat
908 2747 926 2800 tr

134 2846 189 2914 hic
209 2844 278 2928 ipse
298 2844 414 2923 locus,
440 2861 506 2925 quo
529 2843 645 2910 Graeci
675 2864 713 2910 ex
739 2846 926 2914 diuturnae

48 3012 52 3019 .
135 2958 237 3029 tantia
253 2958 436 3037 solverent,
459 2971 490 3021 et
510 2955 650 3040 Judaeos
665 2974 909 3043 cognoscerent.

137 3074 253 3158 Syria,
274 3086 305 3137 et
324 3083 505 3154 expugnata
532 3070 647 3155 Tyro,
678 3075 858 3147 Alexander
874 3077 926 3157 Ao

131 3187 285 3273 ¹petebata
310 3181 489 3267 peimeabat
514 3185 747 3271 Palaestinam,
768 3191 867 3275 cujus
891 3209 926 3256 uu

137 3301 230 3372 Gaza
242 3301 349 3367 valido
366 3300 488 3366 munita
502 3299 667 3370 Persarum
686 3306 926 3390 praesidem-eir

140 3435 285 3506 gressum
302 3413 488 3484 retardabat.
531 3413 635 3499 Igitur
658 3437 757 3500 quum
785 3421 891 3504 ipsam
907 3418 926 3506 J*

130 3544 360 3619 peragrasset,
379 3546 465 3595 certe
481 3529 514 3595 in
532 3531 601 3614 ejus
621 3529 740 3597 linibus
760 3552 819 3616 per
833 3536 926 3619 aliqu

139 3666 207 3733 pus
231 3645 340 3712 Gazae
362 3645 590 3728 expugnandae
609 3663 721 3712 caussa
740 3666 926 3733 moraretur!

142 3760 230 3829 illam
255 3774 380 3843 gentem
407 3760 588 3826 Alexander
610 3760 686 3827 adeo
711 3763 926 3846 neglexisset

143 3889 186 3942 ut
207 3872 302 3940 unice
323 3873 365 3948 >de
387 3870 483 3940 Gaza·
506 3877 714 3957 expugnanda
740 3891 772 3941 et
790 3881 926 3967 Aegypta

137 3988 252 4074 panda
275 3985 444 4070 cogitaret,
486 3984 570 4056 Nam
592 3990 679 4070 quod
695 3994 782 4071 apud
794 3993 926 4078 Josephr

145 4119 181 4175 et
210 4103 365 4190 quicum
398 4115 602 4186 sequuntur,
631 4104 832 4184 posteriores
857 4111 925 4178 Scri
