2362 4936
7 21 1095 283 -

152 610 201 701 a,
411 562 511 676 mn
563 584 831 673 obiit!
912 597 915 603 ’

162 794 226 884 rit,
247 808 354 864 eanum
370 789 478 861 studia
489 785 735 872 -freguenttrit3
755 785 887 869 itaque,
898 798 937 855 -et
951 787 995 857 de
1006 776 1094 875 ipah

163 900 314 988 Litoris,
352 916 386 972 et
419 904 458 971 de
493 902 665 970 Academia
698 902 824 986 egregie
857 902 993 970 meritus
1028 919 1090 979 eat,

163 1020 335 1111 Quidquid
359 1021 391 1087 ei
411 1020 451 1086 ab
477 1018 536 1087 iiio
553 1018 646 1101 quasi
663 1018 769 1085 aiieuo
785 1017 921 1101 negotio
939 1027 1090 1109 superea·

164 1150 214 1205 set
237 1136 319 1218 otii,
339 1134 404 1202 hoc
423 1133 492 1200 suis
509 1132 580 1217 ipse
597 1131 709 1199 Mucia
727 1129 907 1200 tribuebat:
932 1135 1091 1221 maxime,

164 1250 363 1319 carminibus
401 1249 602 1335 pangendis,
639 1249 680 1316 de
712 1264 851 1333 quorum
884 1250 980 1318 laude
1008 1252 1095 1325 iuter

162 1387 278 1439 omnes
300 1380 453 1434 constatr
478 1367 581 1432 sedet
598 1363 815 1431 severioribus
833 1375 865 1431 et
881 1365 1007 1433 criticis
1023 1381 1092 1435 stu·

166 1482 246 1552 diis.
291 1481 418 1570 Quoia
434 1498 546 1568 genere
562 1496 670 1550 exstat
682 1480 843 1565 Propertii
857 1481 980 1564 editio,
995 1503 1092 1568 quam

167 1614 187 1667 a
209 1599 250 1666 P.
275 1599 461 1666 Burmanrto
476 1593 627 1666 Secundo
643 1598 847 1683 institutam,
870 1600 1007 1686 eiusque
1024 1604 1095 1672 obi«

167 1730 205 1782 tu
226 1714 461 1797 intermissam,
484 1716 556 1799 ipse
575 1715 769 1798 suscepitac
785 1715 931 1799 perfecit.
974 1720 1095 1791 Exstat

165 1830 289 1899 Catulli
314 1832 426 1915 Elegia
457 1832 497 1900 ad
531 1830 719 1912 Manlium,
747 1831 782 1898 in
810 1841 913 1901 norae
937 1833 1094 1905 editionis

166 1947 331 2030 specimen
349 1947 523 2027 adornata,
545 1960 715 2012 memorata
729 1946 826 2011 nobis
849 1928 1018 2030 superiore
1032 1949 1092 2017 hu·

163 2062 223 2151 jus
246 2059 432 2126 voluminis
459 2058 504 2125 ΙΙΙ
513 2096 532 2141 ,
548 2057 646 2125 Parte
667 2056 722 2138 ΙΙ,
744 2077 777 2141 p.
796 2061 872 2124 128.
917 2058 1003 2131 Sunt
1021 2062 1095 2147 eiua

165 2173 277 2257 Notae
306 2176 513 2244 prosodiacae
534 2175 569 2243 in
592 2174 716 2243 Mureti
737 2175 911 2259 Carmina,
942 2176 1095 2246 editionis

170 2285 446 2376 Ruhnkenianae,
463 2291 693 2375 TomilV,p.·
704 2309 746 2374 go
762 2288 983 2374 praedationis.
1011 2290 1095 2361 Sunt

173 2405 479 2475 Animadversiones
498 2405 532 2474 iu
545 2404 743 2492 Hieronymi
759 2404 851 2471 Balbi
868 2405 1043 2491 Carmina,
1060 2408 1095 2477 iu

168 2529 313 2613 editione
338 2548 473 2612 operum
501 2522 624 2611 hujus,
647 2542 741 2608 quarn
770 2520 980 2595 vindobonae
1005 2546 1095 2599 curu

169 2646 220 2716 vit
236 2667 266 2713 a.
287 2659 392 2731 1792,
409 2646 575 2729 Jorephus
591 2645 630 2709 de
648 2642 789 2726 Retzer,
810 2643 849 2709 ad
866 2661 963 2726 quem
980 2643 1095 2713 Ruhn-

173 2760 289 2829 kenius
312 2758 481 2843 epistolam
502 2759 633 2843 scripsit
650 2761 685 2827 iu
708 2762 818 2827 eodem
845 2761 939 2828 libro·
957 2758 1095 2847 editam,

94 2940 97 2949 ,
165 2875 265 2943 -itude
286 2872 431 2941 Santenii
447 2873 628 2958 insignem:
650 2892 745 2955 quam
762 2874 919 2942 cumillis
941 2874 1095 2944 Animad-

161 2988 382 3057 -versionibus
410 2990 517 3055 denuo
548 2990 646 3056 edidit
673 2990 915 3060 eruditissimus
947 2994 1022 3076 vir,
1051 2992 1095 3063 C·

176 3105 225 3173 Ι).
249 3084 411 3187 Becirius,
439 3107 473 3174 in
509 3105 756 3174 Commentariis
789 3106 960 3174 Societatis
988 3109 1095 3177 Phila·

173 3216 302 3306 iogicae
328 3220 535 3304 Lipsiensis,
566 3220 742 3289 volumine
756 3220 814 3305 ΙΙ,
845 3245 881 3307 p.
900 3239 974 3308 145.
1000 3227 1095 3293 ,Sunt

7 3315 9 3319 ¹
41 3352 44 3357 ’
161 3339 252 3409 alia.
297 3335 452 3404 Exstabit
478 3339 592 3421 etiam,
615 3352 655 3408 nt
679 3358 865 3423 speramus,
890 3341 1095 3410 Terentianus

175 3444 345 3541 Maurus,
368 3470 461 3533 quem
479 3451 698 3520 eruditissimo
712 3454 942 3520 commentario
958 3455 1095 3523 illustra·

178 3584 214 3632 re
230 3566 421 3649 ingressus,
436 3568 566 3651 jamque
581 3569 621 3635 ad
636 3569 774 3641 medium
792 3587 881 3654 opus
893 3587 1095 3655 progressus,

181 3681 322 3749 moriens
341 3684 439 3751 docto
459 3684 564 3754 amico
579 3686 808 3756 absolvendum
826 3690 969 3774 reliquit.
1012 3689 1095 3757 Nam

182 3797 360 3880 quodcum
386 3817 591 3885 rogaveram,
612 3818 645 3869 et
671 3802 908 3886 Ruhnkeuius,
932 3818 968 3873 ut
985 3806 1025 3871 ad
1041 3802 1095 3872 cri·

113 4000 116 4005 Ι
180 3905 265 3973 ticae
291 3923 323 3975 et
347 3909 415 3975 stili
433 3915 688 3983 exercitationem
707 3919 809 3998 utiie,
830 3919 860 3985 ei
878 3935 1044 4000 suaserat,
1065 3928 1095 3985 ut

182 4023 310 4092 socium
333 4046 367 4093 se
394 4029 471 4095 mihi
499 4032 716 4102 bibliothecae
734 4037 833 4124 hujus
850 4037 1096 4106 scribendaead

175 4141 348 4230 jungeret,
382 4144 453 4231 eiua
488 4147 620 4221 coriario
651 4150 734 4219 iutra
761 4170 857 4223 uuam
884 4152 1095 4223 i'ibuiiiauau

1034 4280 1095 4332 cem
