2362 4936
238 564 835 677 suncnocnu-ert
921 546 1028 693 ’ψ

108 785 149 855 tis
170 800 231 851 cun
249 798 284 848 se
304 780 326 847 d
349 793 507 863 suscepto
533 780 699 851 doctrinae
726 800 836 849 amore
857 797 890 851 et
911 807 1002 857 com·

86 898 270 977 imennrione
289 893 421 975 avocati
445 913 564 978 passus
592 911 663 965 est:
698 898 801 982 quin,
834 912 1000 986 tamquam

86 1002 88 1107 ξ
106 1013 133 1081 iu
149 1010 245 1096 majori
260 1008 352 1090 otio,
373 1006 510 1073 alacrior
531 1023 683 1092 coeptum
706 1012 767 1077 iter
782 1030 1018 1100 persequens,-

86 1125 272 1211 'upliorndis
299 1123 546 1209 quamtmnibus
564 1125 605 1190 ab
631 1125 799 1195 Academia
813 1126 1018 1215 lilegantioo¹

86 1262 153 1323 ,nn
172 1242 350 1321 Liternum
368 1256 401 1323 et
416 1238 674 1325 inscriptionum
700 1244 740 1311 ad
754 1244 1002 1328 disceptationis

86 1352 232 1429 tutamen
254 1356 394 1442 positis,
425 1372 475 1425 ter
494 1357 654 1431 ¹uictoriae
675 1358 848 1442 praemium
872 1364 999 1441 retulit.

86 1472 220 1561 unarum
236 1478 464 1558 quaestionum
482 1476 579 1541 altera
589 1472 660 1540 ¹fuit
671 1477 711 1541 de
725 1479 894 1544 censendis
912 1479 1001 1547 Scri·

86 1588 224 1675 granius
238 1588 360 1661 Rerum
378 1589 548 1657 Alexandri
562 1587 690 1673 Magni.
714 1588 824 1674 Cuius
835 1595 1001 1673 quaestio·

100 1701 140 1771 nis
153 1703 381 1787 explicationi,
403 1719 591 1786 anteaquam
609 1705 775 1788 ederetur,
797 1707 1001 1793 locupletan-

103 1819 183 1889 dteet
198 1821 427 1903 exponendae,
439 1834 507 1887 tum
517 1822 756 1915 cognoscendis
774 1822 879 1892 doctis
897 1825 1007 1894 homi.

101 1936 196 2022 nibus,
205 1938 358 2021 omnique
366 1940 521 2006 librorum
538 1956 569 2007 et
581 1942 740 2008 editorum
758 1954 790 2007 et
803 1940 1002 2026 scriptorum

101 2058 185 2139 immi
203 2058 412 2141 usurpando,
434 2057 596 2125 Lutetiam
613 2058 806 2137 Parisiorum
824 2078 859 2135 se
882 2073 1001 2126 contu,

100 2172 144 2239 its
160 2192 264 2241 euram
282 2172 444 2254 familiae,
469 2172 595 2257 patris,
610 2174 806 2267 liberorum,
829 2173 1005 2251 fidissimae

100 2286 226 2369 mnndi,
242 2290 362 2368 uxori,
381 2288 580 2369 relinquens.
602 2286 653 2353 lbi
669 2300 740 2364 tum
757 2287 787 2353 ei
804 2289 952 2371 degeni,
969 2302 1004 2365 et

102 2396 287 2485 Villoisuno,
309 2420 372 2487 ego
397 2419 597 2485 perannum
625 2418 711 2475 meae
737 2403 1002 2477 commorationis

103 2512 264 2585 lensensis
286 2515 569 2599 MDCCLXXV,
601 2519 755 2598 adeam,
788 2536 884 2600 quam
910 2519 1000 2603 dixi,

103 2628 326 2703 minuerem
343 2633 582 2716 amicitiamque
594 2631 786 2709 conciliatus
801 2651 889 2712 sum.
906 2631 1001 2720 Quos
1132 2692 1140 2709 Χ

100 2752 279 2835 inaequales
298 2750 496 2835 cognouisse
522 2750 603 2822 mihi
631 2750 723 2821 visus
750 2751 835 2831 sim,
859 2750 1003 2826 fortasse

102 2877 146 2929 see
160 2866 232 2934 'aliia
250 2864 338 2946 scire
364 2865 524 2949 ingratum
545 2864 611 2936 siti
634 2864 712 2930 mihi
736 2881 822 2932 certe
842 2867 1002 2954 recordari

103 2973 250 3059 intundnm
267 2993 329 3047 est.
374 2979 494 3077 Magna
509 2995 577 3045 erat
595 2979 628 3045 in
645 2979 879 3048 Sanctocrucio
894 3000 1002 3049 rerum

106 3088 230 3176 timna,
254 3113 368 3178 magna
379 3094 542 3179 judicandi
561 3095 720 3161 facultas:
743 3110 775 3160 et
794 3074 948 3178 quasise
966 3096 1002 3169 iu

104 3208 209 3275 nilinri
226 3212 293 3278 vita
313 3210 353 3277 ad
368 3212 601 3294 imperatoriam
622 3226 723 3281 artem
742 3211 1003 3293 conformasset,

102 3322 138 3390 stc
158 3328 292 3395 eamdem
323 3330 479 3395 rationem
503 3327 544 3398 ad
571 3327 814 3413 intelligentiam
841 3325 1004 3397 doctrinas

100 3460 152 3514 nm
165 3451 446 3532 accommodabat3
458 3465 495 3516 ut
511 3467 585 3522 curn
602 3447 636 3522 in
656 3451 821 3523 universae
837 3446 1003 3523 Historias

100 3566 344 3653 «Antiquitatis
359 3566 567 3651 cognitione,
587 3582 655 3636 tum
676 3567 709 3636 in
726 3565 936 3649 singularium
955 3581 1008 3630 ar·

100 3696 307 3764 iumentorum
328 3686 537 3766 tractatione,
559 3697 659 3751 totam
680 3682 827 3761 materiae
843 3696 1007 3764 tamquam

97 3804 238 3869 uercitus
257 3800 512 3887 magnitudinem
533 3819 599 3868 uno
617 3800 648 3865 in
667 3813 849 3878 conspectu
863 3795 1004 3877 videret,

94 3916 150 3985 eui
179 3915 331 3983 tec-ins
362 3913 560 3999 designaret,
593 3911 762 3995 generibus
792 3908 1006 3988 discerneret,

86 4032 222 4113 partibus
247 4030 478 4113 distingueret:
505 4028 584 4111 qnid
601 4046 745 4110 quaeque
767 4027 908 4105 ualeret,
934 4038 1005 4101 qun

86 4152 271 4245 punam,
302 4167 371 4245 quo
400 4151 476 4219 locu
502 4147 652 4231 ponenda
678 4158 786 4231 esset,
807 4141 1009 4225 ettiudsleti,

380 4282 384 4289 ·
529 4265 597 4369 is
931 4256 1010 4341 inuq
