2362 4936
173 559 204 647 ί
267 600 270 610 ·
463 554 869 631 molstum*

183 762 261 819 ente
276 765 398 834 paucos
414 745 476 821 ltos
492 745 560 812 dies
585 745 622 812 in
642 744 868 817 Daventriensi
887 749 1035 820 cathedra
1052 750 1117 839 poi

185 865 295 945 situs,
316 864 387 948 ipse
402 862 633 931 documentum
647 865 800 950 exstitit,
816 885 914 934 suum
931 870 1037 939 adhuc
1053 891 1119 939 me·

183 979 257 1051 titis
273 995 424 1048 constare
440 979 611 1050 honorem.

232 1098 403 1167 Caeterum
421 1110 556 1162 nostros
573 1097 612 1163 de
628 1096 762 1166 Platone
778 1118 966 1185 sermones,
989 1103 1118 1174 Amste·

186 1213 308 1282 lodami
325 1213 521 1294 inchoatos,
542 1212 698 1297 Lugduni
720 1216 990 1287 instauravimus:
1017 1242 1120 1304 quum

188 1329 246 1398 Tu
266 1330 413 1415 quotidie
428 1330 594 1399 Platonem
612 1345 750 1415 tereres,
772 1352 840 1401 non
867 1335 932 1402 huc
959 1336 1037 1405 illuc
1068 1358 1123 1406 va·

191 1449 319 1535 gando,
343 1449 399 1516 aed
418 1466 622 1532 unoquoque
639 1449 768 1534 dialogo
788 1450 827 1515 ab
845 1449 942 1517 initio
968 1455 1008 1519 ad
1025 1453 1121 1522 finem

190 1567 409 1651 perlegendo,
431 1568 576 1650 perlecto
607 1545 775 1649 iterando,
808 1565 1008 1653 singularum
1035 1573 1126 1640 dein·

134 1760 137 1769 ¹
188 1701 268 1765 ceps
292 1682 520 1748 sententiarum
555 1699 641 1748 nexu
675 1681 878 1767 indagando,
908 1697 1006 1769 teque
1032 1688 1122 1755 omni

189 1814 296 1867 mente
322 1816 354 1867 et
379 1799 577 1884 cogitatione
594 1799 628 1867 in
651 1799 843 1885 philosophi
865 1804 992 1871 dicendi
1011 1807 1128 1889 dispu-

187 1914 345 1998 tandique
368 1915 636 1982 consuetudinem
664 1915 865 1999 insinuares,
889 1919 999 2002 itaque
1018 1939 1126 1987 veram

110 2052 115 2061 ’
188 2032 386 2127 scripturam
417 2033 532 2099 multis
549 2033 583 2099 in
598 2032 705 2117 locis,
728 2033 882 2117 quamvis
900 2034 1124 2117 obliteratam,

193 2151 414 2236 perspiceres,
437 2149 641 2232 plurimaque
663 2149 868 2216 librariorum
888 2149 998 2217 menda
1022 2149 1125 2216 corri-

191 2285 297 2352 geres⁴
332 2261 424 2348 Quae
439 2263 494 2331 Tu
513 2265 644 2333 irtventa
660 2267 699 2332 ad
717 2286 767 2332 me
781 2265 947 2347 deferens,
962 2267 1126 2332 materiam

195 2379 360 2449 adferebas
376 2381 416 2446 de
435 2399 499 2464 qua
516 2381 659 2465 jucunde
677 2381 961 2464 colloqueremur,
983 2401 1050 2448 non
1073 2402 1129 2447 so·

99 2522 102 2529 ’
192 2496 261 2563 lum
271 2495 662 2584 WWMWO'PWissed
676 2496 770 2560 etiam
780 2499 1009 2575 συμπαθοῦντες
1020 2511 1051 2559 et
1059 2524 1129 2566 συν·

190 2618 415 2690 ariminium,
444 2625 545 2687 quum
568 2605 769 2686 dictionum,
785 2604 1010 2671 sententiarum
1023 2653 1035 2688 ,
1050 2609 1130 2674 ima.

190 2729 330 2814 pinum,
353 2721 535 2802 suavitate,
557 2722 713 2805 veritate,
733 2720 932 2787 sublimitate
944 2723 977 2788 in
995 2726 1132 2792 admira.

93 2861 95 2866 ·
192 2845 316 2911 tionem
341 2837 489 2908 Platonis
519 2834 747 2920 abriperemur.
795 2836 858 2904 Est
878 2837 1028 2921 profecto
1046 2843 1129 2908 divi·

194 2976 262 3029 nus
283 2955 427 3038 scriptor
442 2953 557 3034 Plato,
579 2967 683 3033 neque
703 2948 811 3019 diuini
831 2969 1012 3036 cognomen
1032 2967 1130 3021 teme·

196 3093 232 3143 re
248 3076 276 3141 ei
300 3071 401 3142 venit.
446 3069 572 3136 Nullus
591 3068 674 3135 enim
692 3084 742 3135 est
758 3087 798 3134 ex
816 3069 940 3134 erudita
956 3070 1132 3153 antiquita.

197 3191 410 3276 rescriptor,
432 3189 467 3256 in
486 3207 555 3272 quo
578 3189 683 3273 major
712 3188 756 3254 sit
773 3188 904 3255 ubertas
922 3204 954 3255 et
971 3190 1064 3273 copia
1080 3209 1132 3256 ea·

195 3326 267 3378 rum
281 3305 461 3387 virtutum,
480 3306 605 3389 quibua
621 3306 759 3389 legentes
773 3303 807 3371 in
825 3305 993 3388 quemdam
1011 3305 1131 3373 divini·

196 3424 275 3493 tatis
294 3441 425 3490 sensum
442 3421 650 3489 auferantutt
672 3436 752 3504 aut,
776 3423 804 3488 si
820 3423 877 3505 qui
895 3438 998 3503 sunt,
1023 3422 1077 3505 qui
1096 3421 1129 3488 in

195 3545 339 3630 ejusdem
364 3542 468 3609 laudis
507 3561 543 3608 ac
574 3539 798 3606 similitudinis
820 3541 1008 3607 societatem
1036 3555 1132 3606 vene·

198 3659 285 3736 tint,
307 3656 342 3722 hi
360 3657 399 3721 ab
419 3657 493 3740 ipso
511 3655 659 3724 Platonis
677 3653 954 3722 fontefluxerunt.

244 3773 330 3840 Mihi
350 3790 427 3840 vero
452 3772 557 3840 nostri
584 3791 747 3841 sermones
766 3791 860 3857 saepe
884 3774 918 3839 in
943 3774 1129 3840 memoriam

200 3904 397 3960 revocarunt
414 3890 648 3959 adolescentiae
664 3909 749 3957 meae
766 3907 918 3976 tempus,
941 3912 1009 3975 quo
1027 3893 1081 3960 ille
1098 3894 1133 3961 in

199 4006 307 4077 auimo
333 4023 404 4073 meo
430 4023 547 4071 sensus
573 4020 605 4072 et
628 4005 788 4072 recentior
803 4020 834 4071 et
850 4009 957 4079 acrior
981 4009 1131 4092 vigebat:

203 4140 300 4210 quem
314 4139 403 4203 nuuc
420 4139 503 4191 usus
520 4134 552 4190 et
568 4135 654 4191 aetas
672 4121 722 4189 vel
740 4118 989 4207 refrigeratum,
1013 4122 1064 4190 vel
1083 4137 1133 4183 ra·

1072 4249 1137 4301 uo·
