2362 4936
160 557 234 647 esr-
383 540 846 627 nrsturttro
957 488 973 503 ”

17 754 85 809 use
100 745 262 815 turine.
292 738 376 811 Nam
396 741 568 824 disciplina
589 738 1027 827 morum,quaeao‚dmimt

163 864 322 937 demeare
336 871 465 941 potest,
489 872 571 936 qnae
588 872 656 925 non
675 869 795 935 curet,
818 870 918 925 utrum
932 859 1029 931 ltin·
1050 852 1070 919 'l

160 997 234 1046 cum
251 975 398 1056 Corpore
415 970 547 1037 intereat·
566 988 626 1037 nee
643 968 710 1037 nel
756 971 882 1039 Deinde
894 974 1028 1061 ,annrpd
1062 1010 1065 1015 -

159 1092 403 1176 Xenophontem
429 1087 588 1172 ejusmodi
618 1085 761 1154 Socratis
780 1088 887 1170 dictu,
904 1090 1029 1175 omnnia.
1067 1118 1070 1149 ;

158 1212 191 1282 ai
217 1210 364 1276 disertam
390 1201 648 1270 Immortalitaris
674 1200 908 1271 affirmatione·
924 1202 1029 1271 mrim·

159 1340 238 1408 ant,
256 1336 362 1390 tamen
381 1339 421 1388 eo
435 1321 582 1389 valuntr
606 1320 705 1387 ueluti
733 1320 773 1384 de
799 1320 971 1387 Proridmil
983 1317 1026 1383 ul·
1066 1339 1071 1357 ³

157 1442 258 1521 vind,
283 1440 324 1504 de
340 1436 451 1506 Animi
468 1434 600 1501 humani
631 1435 823 1503 excellentia
852 1450 883 1503 et
897 1434 1033 1503 nmium·
1054 1434 1057 1443 '

159 1571 201 1626 lte
227 1571 300 1621 cum
335 1550 457 1619 Divint
487 1552 618 1617 naturdr
651 1567 734 1631 quae
758 1548 899 1632 profero
917 1550 953 1615 itt
969 1550 1032 1615 diro

161 1687 264 1751 sunt,
287 1681 325 1735 ut
354 1669 448 1748 plane
469 1664 659 1733 abhorreant
684 1662 726 1728 ab
752 1667 828 1749 ejus
848 1664 972 1750 perd,
987 1659 1033 1744 qil

160 1785 209 1853 nil
225 1793 302 1864 post
319 1779 402 1845 hanc
414 1777 514 1846 ritem
529 1795 697 1862 superesse
717 1792 859 1847 smtuat.
878 1778 1038 1861 lurona-
1070 1820 1071 1824 η

160 1896 342 1980 mophontis
368 1894 532 1961 silentium
565 1892 704 1960 fortasse
734 1886 932 1976 repetendum
956 1908 994 1963 ιιι
1010 1908 1037 1962 tl

162 2015 235 2100 elus
253 2030 326 2079 cum
343 2010 478 2078 Platone
498 2009 663 2077 simultate
690 2024 721 2075 et
741 2013 959 2079 aemulationes
972 2014 1039 2095 pul,

164 2144 204 2199 ut
222 2129 342 2195 fretum
359 2143 431 2210 est,
455 2141 492 2194 ut
509 2128 588 2195 alias
607 2146 740 2210 quoqne
761 2128 1038 2197 Socratlsretdlter·

165 2267 204 2317 se
229 2250 407 2329 traderent,
432 2246 478 2312 ita
502 2244 570 2312 fieri
598 2246 729 2330 potuit,
763 2262 803 2313 ut
828 2242 1040 2332 nenoplonln·

166 2380 283 2433 cratem
303 2384 373 2431 raro
391 2378 423 2430 et
441 2364 580 2431 obscure
608 2364 648 2429 de
675 2362 915 2431 Immortalitate
927 2364 1043 2431 dnm

168 2480 309 2564 feceret3
334 2481 423 2562 quod
438 2480 528 2545 Plato
544 2479 579 2545 ln
597 2478 766 2545 Phaedone
785 2478 921 2566 Dialogo
942 2477 990 2545 sub
1001 2474 1042 2541 lo·

170 2599 270 2665 cratis
287 2597 424 2680 persono
443 2595 487 2660 ita
501 2595 539 2660 de
568 2596 630 2661 hoe
658 2611 848 2678 argumento
870 2597 1041 2681 disputasse,

168 2724 207 2779 nt
224 2713 366 2778 omniunt
384 2726 548 2776 consensu
566 2726 815 2777 monumentum
830 2730 896 2778 aere
913 2707 1041 2795 permra'ut

167 2827 312 2911 exegisse
349 2825 557 2910 judicaretur.
611 2824 793 2909 Denique,
823 2846 918 2912 quum
938 2826 1044 2900 nultos,

168 2944 252 3024 apod
270 2954 440 3021 posteros,
463 2941 703 3024 reprehensores
732 2946 821 3012 nacti
846 2946 908 3013 slnt
923 2944 1044 3011 etsotn·

165 3068 266 3123 teser
292 3055 407 3137 Plato;
437 3072 533 3123 nemo
553 3069 679 3138 tamen,
713 3063 805 3141 qood
830 3062 942 3140 sciam,
959 3058 1042 3123 irrtn·

163 3184 219 3240 tus
245 3191 322 3253 est,
344 3173 424 3256 qni,
455 3189 510 3241 aut
537 3173 698 3242 Socratem
730 3177 772 3243 de
807 3179 971 3246 Animorum
992 3170 1044 3233 ln·

163 3290 356 3360 mortalitate
378 3292 539 3373 tacuisse,
572 3304 627 3358 aut
654 3291 824 3360 Platonem
855 3290 965 3361 dilan
985 3298 1040 3349 am·

164 3407 295 3473 lentiam
316 3403 401 3471 lano
416 3405 591 3488 tribuisse,
612 3406 851 3477 contenderet:
872 3402 966 3485 nequ
983 3408 1042 3462 itti

160 3520 278 3601 reliqui
308 3518 489 3601 Socratici,
521 3537 659 3601 quorum
687 3520 809 3603 scripta
838 3508 1042 3607 perierunt·

159 3647 253 3716 vent,
277 3650 315 3700 nt
330 3634 536 3721 Xenophon,
571 3636 667 3722 hujus
691 3636 874 3702 sententiae
894 3628 1039 3700 mentioni!

157 3744 277 3816 fecisse
293 3749 460 3832 videntur3
485 3740 605 3833 quippe
630 3767 696 3814 eam
718 3764 750 3816 et
766 3749 889 3820 Cicero
910 3764 939 3816 et
963 3732 1040 3812 otltl'll

17 3864 21 3875 '
64 3894 69 3903 ·
157 3860 314 3944 Veteres,
336 3864 393 3947 qui
412 3866 648 3933 Socraticorum
667 3865 789 3949 scripta
808 3866 958 3935 habebant
976 3844 1039 3923 tt&
1073 3866 1075 3875 '

156 3970 210 4045 hir
236 3979 331 4045 rebus
353 3980 497 4066 judicare
522 3995 696 4067 poterant,
725 3980 848 4050 diserte
882 3960 1040 4048 sonanti·
1072 4034 1075 4041 .

156 4088 321 4181 mount,
343 4112 401 4165 noe
431 4098 532 4167 ullam·
552 4094 766 4167 dubitationis
791 4080 1040 4185 srapidonrnie
