2362 4936
309 535 397 609 sn
446 502 866 606 nrusnrunr.
1004 563 1047 633 3,

129 725 193 800 ‚lunc
211 743 307 814 gmme
330 721 518 805 complures
540 717 737 787 imitationes
756 720 930 806 nondum,
952 729 1043 808 quod

134 848 233 928 sciam
250 864 267 910 a
282 859 448 926 quoquam
466 838 724 921 animadversas,
742 852 897 907 annotare
911 861 963 909 me
975 861 1041 910 me·

132 963 215 1031 mitit
233 974 264 1026 et
279 956 433 1025 credibile
463 968 539 1037 est,
562 953 667 1021 multo
693 953 800 1036 plures
825 973 876 1023 me
898 955 1040 1042 fugisse.

128 1076 167 1144 lit
178 1071 318 1158 profecto
329 1070 375 1137 ita
389 1087 428 1136 se
442 1086 493 1135 res
511 1066 630 1151 habet,
652 1081 689 1133 ut
707 1067 878 1136 maximum
893 1071 1039 1142 Criticae

121 1187 243 1256 feliciter
262 1165 446 1251 tractandae
467 1195 665 1248 momentum
694 1184 839 1265 positum
862 1185 907 1252 sit
922 1184 957 1253 in
974 1205 1033 1256 co·

122 1299 252 1388 gnicione
269 1298 437 1382 fontium,
461 1296 548 1363 unde
562 1294 706 1379 scriptor
722 1296 865 1381 quisque
888 1314 920 1365 et
935 1317 985 1366 res
997 1318 1034 1370 et

121 1419 205 1487 subt
225 1416 391 1499 hauserit;
414 1418 536 1503 quippe
559 1416 719 1503 ignoratis
737 1416 908 1502 locutus,
930 1421 1036 1505 pluri·
1152 1406 1156 1411 ’

120 1549 231 1599 morum
244 1533 396 1598 locorum
411 1543 445 1597 et
463 1527 652 1598 sententiam
671 1544 703 1598 et
716 1545 917 1599 venustatem
932 1534 1031 1605 latete

118 1667 234 1719 messe
248 1661 313 1717 est.

153 1765 212 1833 Sed
236 1765 315 1831 lraoc
337 1765 492 1849 pleraque
510 1763 561 1831 Te
577 1763 709 1850 ipsum,
731 1763 776 1831 mi
791 1763 943 1851 Heusde,
963 1767 1031 1854 jam

116 1899 145 1949 te
165 1895 195 1947 et
222 1898 284 1948 usu
310 1894 481 1963 expertum
504 1896 594 1963 esse,
624 1878 738 1945 multis
764 1879 797 1945 in
828 1890 887 1947 tuo
917 1881 1031 1951 libello

112 1996 303 2065 documctrtis
319 1995 559 2080 comprobasti:
581 2013 614 2065 et
630 2014 699 2065 mea
712 1996 789 2066 haec
806 1997 944 2081 scriptio
961 2019 1029 2067 ma.

111 2114 153 2200 gis
175 2115 331 2200 pertinuit
357 2113 400 2181 ad
429 2112 480 2180 Te
504 2113 759 2196 admonendum,
782 2131 879 2197 quam
902 2117 943 2185 ad
971 2118 1031 2185 do·

111 2231 247 2301 nudum
298 2226 359 2296 Tu
379 2229 504 2314 igitur,
534 2231 592 2314 qui
621 2229 767 2298 Platonis
795 2233 927 2299 ornandi
961 2249 1028 2303 sta·

115 2347 194 2414 dun
215 2346 259 2415 ita
282 2346 452 2432 ingressus
470 2345 539 2428 sis,
562 2362 600 2414 ut
621 2347 760 2430 primum
778 2349 841 2416 ltoc
865 2353 1027 2435 specimen

110 2461 232 2528 edideris
248 2479 317 2528 non
339 2461 441 2528 modo
468 2460 568 2526 tironi
584 2462 757 2543 decorum,
778 2466 836 2529 sed
850 2481 954 2546 neque
974 2487 1027 2535 ve·

107 2588 203 2644 terano
225 2576 487 2660 poenitendum
510 2573 562 2642 fac
585 2576 746 2675 reliquum
768 2595 899 2645 cursum
917 2584 1029 2665 gnavi.

107 2706 146 2760 ter
157 2695 393 2780 persequaris,
416 2707 454 2759 ut
477 2706 535 2760 tua
560 2703 607 2760 ιιι·
618 2714 712 2778 opera
727 2695 857 2764 fructus
873 2713 904 2765 et
920 2700 959 2765 ad
978 2699 1027 2769 Te

105 2808 210 2896 umis,
231 2825 266 2879 et
294 2811 340 2877 ad
363 2811 488 2877 multus
507 2810 694 2893 doctrinae,
716 2815 882 2897 perveniat
904 2819 1027 2886 uberti.

106 2940 171 2996 mus.
203 2927 301 2994 Vale.
339 2924 471 3009 Scripsi
493 2925 648 3015 Lugduni
673 2930 892 3020 Batavorum,
916 2936 949 3004 d.
971 2953 1022 3007 m

102 3036 169 3136 Juli,
185 3046 231 3119 Δ.
255 3049 526 3116 uncc'crrt.
