2362 4936
175 375 255 479 μ
319 366 672 454 aumuooiuuua
690 381 746 441 Ιιιι
759 360 991 442 uumerus

183 561 431 657 gumentatione
444 559 496 625 vel
510 558 624 625 erroris
635 556 689 624 vel
702 554 930 637 obscuritatis,
944 547 1110 638 hoe-am

180 683 332 767 ,legentes
347 673 544 758 cogitatione
560 688 592 738 et
615 670 717 739 veluti
740 683 920 754 conspectu
943 667 1111 755 smnus,

182 787 461 877 murmurationis
470 787 654 855 Platonicae
667 786 820 870 gravitate
835 805 870 851 aa
887 783 1049 851 suavitate
1059 783 1120 852 ob·

184 908 360 977 ,ruebatum
403 902 597 982 Caeterum,
611 918 711 983 quum
726 900 798 983 ipsa
811 897 956 966 Platonis
972 897 1119 979 dispum-

184 1024 241 1098 ἑο
257 1019 342 1087 haud
364 1035 476 1104 parum
503 1016 617 1084 habeat
643 1013 841 1082 difficultatis
869 1013 909 1079 ad
936 1011 1120 1096 intelligor·

182 1137 292 1217 sajum
315 1148 444 1215 operam
460 1131 552 1211 dedi,
575 1144 611 1195 ut
625 1147 691 1195 eam
706 1129 741 1196 in
757 1127 982 1212 compendium
996 1126 1119 1211 rodigo·

191 1268 260 1319 rem
283 1263 316 1315 et
332 1262 594 1331 argumentorum
618 1244 755 1311 summis
780 1243 918 1311 breviter
933 1260 970 1310 ac
995 1243 1123 1329 perspi·

188 1382 255 1433 cue
268 1361 461 1430 exhiberem.
705 1426 709 1435 .

187 1526 191 1533 .
237 1475 433 1559 Principium
451 1473 550 1560 igitur
575 1474 639 1543 hoc
661 1488 711 1542 est
738 1476 896 1562 (nostrae
912 1473 1067 1546 editionis
1086 1478 1118 1562 §a

190 1620 229 1672 ι.
257 1612 293 1677 p.
313 1610 364 1662 10.
387 1589 465 1660 edit.
495 1589 648 1674 Lugduu.
672 1608 706 1673 p.—
724 1609 809 1676 327,
839 1589 920 1673 C)a
955 1634 976 1674 „
999 1590 1121 1663 Mortis

191 1697 604 1793 ,tempus'errpectandum
631 1718 701 1788 est3
731 1722 791 1772 nec
814 1707 967 1787 cuiquam
988 1708 1119 1779 iicetse

190 1821 305 1907 ipsum
324 1818 511 1887 interficere.
540 1817 714 1895 iiomines
738 1820 847 1899 euim,
869 1832 1033 1902 tamquam
1054 1842 1120 1892 ser·

190 1936 254 2017 oi,
278 1937 297 2003 a
315 1934 411 2016 Diis,
433 1949 595 2017 tamquam
621 1931 785 2014 dominis,
807 1931 842 2001 in
857 1932 916 1999 irae
934 1936 1004 2005 vita
1019 1941 1124 2009 coilo·

190 2050 264 2120 aeati
289 2064 387 2116 sunt:
411 2068 469 2116 ner
496 2048 675 2116 abeundum
693 2063 764 2129 est,
787 2046 893 2115 nisisi
909 2048 965 2116 Dii
979 2051 1044 2135 ipsi
1061 2072 1123 2125 man

187 2184 241 2234 .ex
253 2165 311 2232 hac
330 2165 430 2232 veluti
445 2163 594 2232 custodia
607 2162 753 2230 liberent.
785 2160 898 2245 Itaque
912 2178 944 2230 et
960 2184 1022 2250 ego
1037 2187 1125 2238 mor·

193 2293 269 2348 aem
289 2298 393 2362 aequo
418 2280 527 2347 animo
548 2277 639 2360 fer03
664 2277 720 2346 Dii
745 2277 829 2345 enim
849 2297 898 2346 me
917 2283 1044 2367 ramex
1064 2287 1125 2355 irae

193 2394 355 2464 :custodia
372 2408 536 2460 revocant.
582 2394 631 2459 lic
650 2411 744 2475 spero
771 2412 820 2457 me
841 2396 881 2461 ad
905 2397 1046 2466 meliores
1064 2403 1128 2468 ho·

201 2508 305 2574 mines
320 2522 509 2571 venturum:
531 2521 639 2587 certe,
667 2507 707 2571 ad
727 2509 868 2589 optimos
887 2512 1057 2597 dominos,
1075 2518 1131 2584 ni·
1166 2526 1170 2530 ’

201 2620 318 2688 mirum
336 2619 447 2701 Deos,
470 2637 520 2686 me
536 2633 785 2703 perventurum,
809 2623 871 2691 hoc
887 2622 988 2708 vero‚'
1003 2629 1031 2694 si
1045 2631 1140 2721 qaia

119 2756 123 2761 ·
196 2734 314 2816 aliud,
333 2736 457 2800 summa
484 2734 717 2802 asseveratione
741 2735 901 2805 affirmo.’‘
945 2741 1021 2811 Hoc
1039 2744 1129 2815 deiu-

193 2869 280 2935 περι
302 2851 551 2918 demonstratur.

195 3008 198 3013 -
246 2968 327 3049 Arg.
351 2963 380 3030 1.
404 2962 508 3048 Pergit
532 2965 609 3051 (ed.
633 2979 744 3037 nostr.¹
763 2971 796 3052 ς.
825 2972 863 3051 i,
884 3006 927 3024 -
948 2996 995 3052 u,
1017 2991 1054 3055 p.
1075 2993 1130 3046 aa.

192 3077 358 3165 ngdun.
381 3098 416 3162 p.
434 3083 519 3165 378,
536 3080 574 3149 B.
596 3120 640 3134 -
660 3087 746 3166 380,
764 3083 860 3168 G.):
889 3086 1137 3173 „Philosophia

193 3209 257 3272 qest
283 3193 512 3263 commentatio
533 3213 569 3262 ac
594 3198 739 3264 studium
768 3199 893 3267 mortis.
939 3200 1134 3288 Philosophi

202 3311 287 3379 euim
307 3329 424 3378 munus
448 3308 536 3376 ineo
557 3310 701 3392 positum
719 3329 791 3398 est,
815 3330 852 3382 ut
881 3316 1070 3386 Animum&
1085 3337 1137 3386 re·

197 3424 270 3506 ¹bus
286 3427 452 3508 corporeis
475 3439 507 3491 et
524 3424 619 3492 fluxis
640 3442 775 3509 avocet,
797 3444 828 3495 et
848 3432 955 3498 adres
981 3433 1142 3519 inteiligi-

195 3536 286 3609 ,biles
305 3538 474 3621 ipsamque
494 3559 605 3621 puram
634 3560 670 3607 ac
697 3542 851 3609 sinceram
877 3546 1044 3614 ‘veritatem
1061 3566 1139 3617 eun

198 3666 386 3739 sonuertnt.
431 3657 536 3736 Atqui
563 3657 715 3738 quamdiu
741 3657 775 3724 in
795 3659 853 3725 hac
878 3663 947 3727 vita
964 3676 995 3728 et
1012 3665 1048 3732 in
1065 3685 1144 3733 cor·

194 3784 289 3851 ‚pore
310 3766 482 3851 degimus,
499 3769 575 3844 huic
591 3770 713 3839 muneri
728 3756 875 3840 satisfieri
888 3777 1014 3861 nequit.
1056 3781 1147 3849 Aoi·

193 3897 278 3951 mus
302 3879 386 3948 euim
415 3897 484 3950 tum
504 3883 638 3953 maxime
657 3886 749 3972 ¹uiget
766 3891 962 3979 cogitando,
985 3912 1142 3978 qoumae

1068 4028 1135 4078 ma·
