2362 4936
168 120 285 191 ellel.
299 115 417 187 Llnlt.
437 118 560 187 PRIM.
585 118 706 193 MISC.
725 123 898 199 DOCTR.
946 146 1011 202 unl-

114 326 119 335 ·
137 305 233 391 dniue,
249 307 311 375 boc
336 307 489 390 proximo
505 306 534 371 el
558 308 639 375 hanc
661 311 915 383 Philomathiam
931 314 1023 387 sold·

129 426 228 507 dour,
253 443 319 492 non
348 424 421 489 solo
451 424 600 505 nomine,
632 425 688 490 sed
712 442 745 493 re
774 428 866 511 ipsa,
898 450 1022 501 norum

128 556 203 621 apua.
250 538 362 603 Solent
387 536 515 617 quidem
547 538 685 604 editores
710 541 891 611 libellorum
921 549 1022 632 lrnjne

126 653 241 739 putus,
274 653 365 736 quod
387 653 489 735 vulgo
516 652 713 735 periodicum
741 658 882 741 dieitur,
916 672 1021 743 quum

125 770 259 837 munina
283 770 328 836 ad
348 768 430 836 ratis
458 786 606 853 magnum
630 788 796 838 numerum
818 777 959 843 crevisse
972 777 1025 861 ui·

74 906 80 975 f
124 886 235 969 dentur,
256 906 314 953 eos
342 887 405 953 alio
429 886 492 953 sub
519 887 648 955 nomine
670 892 876 975 continuare3
900 910 955 977 ut,
978 898 1026 962 ti·

125 1002 173 1069 nli
187 1004 345 1084 novitate,
375 1005 532 1069 lectorum
560 1018 593 1069 et
624 1007 800 1073 sutietatem
825 1007 963 1092 fallant,
988 1026 1023 1080 et

74 1142 81 1164 ·
129 1118 210 1184 etudir
222 1119 386 1185 retineant.
409 1118 532 1184 Nostra
549 1120 678 1188 aliaest
695 1141 829 1205 caussa,
849 1127 909 1193 alia
927 1129 1022 1199 ratio.

160 1238 196 1306 lit
214 1240 428 1307 Bibliothecae
447 1241 575 1322 quidem
603 1260 720 1309 nomen
743 1258 836 1327 non,
854 1248 948 1329 qnasi
966 1252 1023 1314 de-

132 1352 217 1419 triton
231 1370 260 1418 ct
278 1353 487 1437 obsoletum,
510 1354 709 1441 abjecimus:
730 1360 812 1442 aed,
836 1375 876 1446 ut
901 1366 1031 1446 propo-'

135 1466 185 1532 rito
199 1482 302 1536 noatro
319 1467 429 1535 minos
453 1481 588 1551 aptum,
610 1484 685 1536 eum
704 1476 830 1555 aptiore
846 1486 1033 1542 commuta«

132 1581 224 1650 nunu
262 1582 370 1649 litbet
393 1585 478 1650 enim
507 1583 707 1653 Bibliotheca
726 1585 793 1655 iere
815 1588 1031 1673 significatio·

134 1714 188 1765 nen
203 1699 416 1767 multitudinis
435 1698 594 1766 librorum
612 1704 679 1767 suis
697 1705 845 1786 pertibus
860 1709 1027 1789 expletae,

135 1816 250 1896 equari
278 1814 511 1901 professionem
534 1814 684 1882 relerrum
719 1818 854 1899 quidet
877 1821 1028 1903 locuple·

74 1952 91 1993 ι·
137 1932 338 2015 promittentis.
380 1933 551 2003 Convenit
572 1952 606 1999 v.
625 1953 657 1999 c.
681 1935 715 1999 in
738 1934 878 1999 Fabricii
902 1935 1029 2003 Biblio-

136 2050 238 2134 dtttt,
255 2049 413 2119 Graecam
438 2066 470 2116 et
501 2048 674 2129 Latinam,
704 2062 737 2115 et
762 2049 842 2115 aliar
866 2050 1026 2133 aliorum,

130 2162 229 2248 quibet
250 2184 361 2233 ornnes
387 2167 421 2231 ln
447 2166 562 2246 aliquo
587 2182 699 2249 genere
719 2165 794 2231 editi
818 2165 892 2232 libri
919 2184 1029 2233 recen.

131 2296 241 2352 tmmra
269 2301 348 2366 aut,
377 2283 406 2349 ri
431 2280 540 2363 forte,
561 2282 595 2349 in
622 2282 783 2366 periodica
806 2284 947 2368 scripta,
970 2298 1032 2367 per

127 2402 241 2479 quode
254 2400 346 2466 libris
365 2399 575 2479 norlraimir,
597 2398 667 2465 rive
693 2417 762 2466 uno·
785 2398 819 2465 in
837 2418 967 2484 genere,
983 2399 1029 2466 ai·

129 2528 163 2579 rr
176 2517 335 2600 pluribus,
364 2515 441 2585 aire·
456 2517 629 2596 omnibus,
656 2513 804 2583 refertur.
824 2584 826 2589 ,
850 2514 928 2580 Non
950 2533 1031 2580 con.

132 2631 252 2701 voluat
274 2648 407 2701 nootrte
425 2632 622 2715 scriptionia
657 2650 720 2714 qut
744 2646 868 2697 tantum
895 2630 1029 2713 abluit,

127 2762 277 2819 rtounea
303 2768 412 2821 noros
446 2749 548 2816 libror
584 2766 867 2831 persequeremur,
899 2761 934 2812 ut
967 2766 1030 2829 pro

124 2874 199 2931 tanta
230 2862 440 2932 multitudine
461 2840 532 2929 non
557 2863 621 2930 nisi
648 2880 769 2946 pnncor
793 2878 907 2928 nostro
931 2878 1032 2929 sensa
1100 2908 1102 2913 ι

117 2981 292 3067 iudicioque
311 2981 535 3049 deliberemus.
580 2979 646 3046 ista
668 2992 775 3045 curent
796 2979 938 3044 nominis
956 2998 1032 3061 pro·

74 3106 78 3119 '
113 3090 498 3179 &nimioqueupinione
508 3095 657 3161 nonnulli
674 3092 811 3159 subinde
825 3091 936 3172 ducti,
955 3094 1031 3174 plui

112 3228 147 3279 re
161 3208 279 3292 e'tiam,
301 3228 398 3293 quarn
417 3226 499 3291 quae
515 3208 746 3285 afferebamus,
768 3210 786 3273 l
805 3205 902 3273 nobie
919 3223 1032 3289 portu·

110 3330 229 3397 unane.
275 3328 372 3413 nge,
405 3327 532 3410 inquit,
557 3326 614 3408 qui
637 3323 825 3406 Euripidem
850 3320 1032 3407 Musgravii

109 3448 181 3517 lore
203 3450 377 3528 mactasti,
409 3463 505 3515 tracta
533 3450 606 3515 item
634 3448 829 3531 Sophoclem
856 3447 1030 3514 Brnnclrile

101 3580 137 3634 ct
158 3566 220 3649 qui
241 3561 524 3646 Scltweighnuaeri
543 3561 727 3644 Appianum
753 3559 964 3639 recensuisti,
985 3574 1035 3621 res

96 3698 203 3755 cernae
224 3692 374 3765 quoque,
390 3677 462 3763 eiua
484 3674 655 3762 Polybium
681 3689 713 3742 et
731 3676 956 3745 Athenaeum
976 3668 1038 3751 qut

968 3781 1042 3850 ru.
1149 3872 1151 3877 ‚
