2362 4936
105 592 149 687 ,a
332 576 759 656 ··nrtsr0Ln
857 592 864 605 ·

108 784 139 852 si
155 779 251 848 linito
270 793 357 842 anno
375 772 511 839 reditum
531 771 564 837 in
585 768 909 857 patriamcogitans,
929 769 1044 846 cathol

4 953 9 963 .
109 907 197 973 dmm
215 901 394 966 Literarum
409 909 441 962 et
452 894 682 978 Philosophiae
699 894 733 959 in
745 894 1044 966 Amstelodamensl

107 1015 406 1096 Remonstrantium
432 1010 606 1096 Collegio,
628 1013 904 1080 commendatione
919 1017 1041 1084 duum*

106 1141 250 1206 virorum
271 1144 463 1199 nostrorum·
476 1129 555 1194 milri
573 1127 738 1208 oblatam,
759 1133 942 1196 eorumdem
961 1133 1042 1200 hot·

106 1266 179 1319 tatu
207 1247 415 1332 accipiebam.
473 1244 616 1326 Uterque
651 1244 749 1328 hujus
779 1242 858 1307 mlhi
884 1247 1042 1317 stationis

108 1365 368 1453 opportunitates
385 1357 607 1444 praedicabat,
631 1359 665 1424 in
688 1359 740 1424 his
759 1360 868 1425 urbem
884 1359 1040 1445 frequens

107 1485 170 1558 t'cm
191 1486 312 1553 Literis
330 1501 362 1550 et
378 1480 537 1550 studiosis
551 1497 656 1544 earum
668 1477 878 1559 hominibus,
893 1500 1039 1562 quorum

105 1602 272 1696 plerisque
287 1617 392 1668 meum
406 1599 578 1665 aduentum
593 1595 680 1662 haud
696 1595 853 1679 ingratum
865 1593 958 1678 fote,
969 1617 1040 1665 cer.

108 1739 142 1792 te
167 1722 262 1789 Petro
280 1715 453 1787 Fonteinio
479 1727 512 1780 et
534 1712 735 1796 Hieronymo
757 1711 919 1780 Boschio:
944 1716 1042 1788 illum

107 1840 230 1908 multae
253 1834 402 1905 lectlonis
426 1850 556 1914 senem,
581 1826 800 1914 Theophrasti
825 1831 1039 1905 Characteres

105 1957 197 2026 edere
222 1967 408 2039 parantem,
429 1968 480 2015 me
504 1948 568 2016 sibi
593 1948 769 2033 adiutorem
795 1951 1037 2032 expetiturumr

105 2074 195 2141 hunc
210 2073 359 2156 juvenem
386 2067 570 2135 Literarum
588 2084 695 2131 amore
717 2066 900 2148 ardentem,
922 2071 1040 2141 luben-

105 2207 162 2260 tur
175 2211 298 2259 mecum
314 2197 348 2260 ln
363 2206 470 2260 camm
486 2188 596 2259 studio
612 2205 812 2257 versaturum
825 2216 833 2260 a
845 2195 1039 2269 truncatur

96 2309 191 2395 facit
217 2309 310 2373 bonos
330 2325 461 2388 stersus,
494 2306 596 2424 ajgbat
622 2303 877 2389 Valckenarius,
909 2325 941 2374 er
957 2332 1040 2402 pro·

106 2447 175 2494 tarn
201 2430 379 2493 orationem
404 2426 518 2492 melios
543 2426 656 2492 scribit
678 2443 775 2514 quom
801 2427 901 2493 solent
916 2433 1038 2520 vulgo,

104 2544 164 2630 qur'
179 2557 289 2608 narsus
304 2541 465 2621 faciunt:
487 2543 552 2606 cn!
574 2539 714 2621 librom,
739 2563 829 2630 quern
852 2545 941 2613 modo
965 2551 1039 2616 edi·

103 2649 176 2734 tiit,
200 2655 244 2721 G.
269 2652 397 2735 Hoostir'
414 2654 573 2718 Carmina
591 2652 789 2737 Juucm‘lr'a:
811 2660 977 2726 eratenim
995 2664 1038 2730 li·

103 2768 163 2833 ber
185 2785 260 2849 prae
282 2765 451 2832 manibus:
482 2765 650 2849 inspicio,
683 2768 778 2835 video
806 2775 1037 2855 praefationem

103 2907 187 2974 pure
203 2905 236 2954 ct
261 2891 419 2978 eleganter
444 2887 617 2972 scriptam:
643 2890 801 2959 continuo
820 2894 859 2959 de
881 2893 931 2959 Te
955 2895 1039 2966 bena

102 3022 230 3091 sperare
245 3004 353 3089 coepi.

137 3117 223 3186 Mox
234 3117 511 3186 Amstelodamum
526 3138 680 3204 excurro,
697 3120 925 3189 habitationem
940 3124 1039 3196 alias·

104 3256 171 3320 que
195 3239 445 3307 commorationi
480 3241 673 3307 necessarias
702 3262 750 3308 res
786 3260 1035 3329 prospecturus.

103 3348 237 3440 Quibus
255 3356 464 3439 prospectis,
486 3356 691 3424 Fonteinium
709 3361 808 3427 adeo:
833 3361 890 3443 qui
909 3380 960 3428 me
977 3386 1037 3434 co·

103 3469 199 3535 miter
216 3469 358 3553 excipit,
379 3490 452 3556 erga
472 3471 633 3540 hominem
651 3492 717 3540 non
741 3487 813 3540 ante
832 3475 939 3540 visum
957 3497 1038 3560 pro·

102 3582 206 3666 priam
232 3583 297 3650 albi
321 3586 507 3669 gravitatem
536 3588 732 3655 humanitate
751 3606 954 3675 temperatam
976 3594 1040 3660 ob.

103 3697 208 3768 tincta
232 3717 355 3784 gratum
373 3702 436 3769 sibi
463 3721 570 3771 mcum
598 3707 769 3772 adventum
794 3725 891 3795 esse,
909 3721 1036 3790 gratam

107 3819 377 3886 consuetudinem
400 3818 490 3910 fore3
519 3841 668 3906 quaerere
692 3824 730 3887 de
757 3826 834 3889 meis
860 3827 978 3893 studiis
1002 3840 1037 3895 et

106 3927 305 4015 Plutarcho,
328 3953 388 4017 ego
416 3935 454 4000 de
478 3937 568 4001 illius
593 3937 842 4020 Theophrastus
873 3938 926 4004 ille
954 3940 1038 4007 mihi

106 4046 232 4116 narrare
248 4049 288 4114 de
299 4048 567 4133 Hemstcrhusio,
591 4071 651 4137 ego
668 4053 714 4118 illi
733 4055 771 4119 de
788 4053 985 4122 Ruhnkcnio
1003 4069 1038 4122 et

105 4163 339 4236 Valckenarius
361 4181 432 4239 tum
447 4168 547 4237 mittit
564 4169 622 4254 qui
637 4167 688 4273 ue
703 4187 842 4245 arcessat
862 4171 898 4242 in
918 4172 1041 4241 ricinia
