2362 4936
279 524 362 601 dn
414 514 841 609 neushlllhl
982 540 1026 623 sa

133 727 198 793 sua
217 720 325 810 lagmii
345 717 580 801 doctrinaeque
595 717 680 787 vires
696 718 736 787 ad
752 717 915 789 materiam
935 719 1032 794 locu.

130 841 279 927 pletaudaro
296 836 565 922 digerendamquc
582 833 737 906 adferent.
906 894 923 940 Ι
1040 846 1044 851 ·

158 962 189 1026 ln
208 957 264 1023 hac
286 953 427 1022 lectione
440 969 574 1020 neeesse
589 966 639 1019 est
656 954 776 1020 multae
790 972 826 1021 sc
841 954 961 1040 legenti
978 955 1035 1024 ol·

117 1071 205 1139 leram
225 1068 465 1155 cogitationes,-
487 1067 608 1151 quibua
624 1069 677 1135 vel
696 1070 869 1137 sententiae
895 1072 1034 1140 difficul-

114 1203 155 1256 tas
176 1188 381 1272 expediatur,
413 1186 467 1252 vel
490 1185 667 1269 scripturae
693 1187 771 1254 vitia
798 1191 1028 1257 emendenturt

113 1304 224 1371 mmai
239 1302 335 1369 unice
352 1300 508 1369 dictionis
522 1301 675 1368 rationem
688 1302 848 1371 habuerit.
873 1303 958 1388 Sed,
973 1306 1036 1373 hac

114 1417 196 1485 linita
215 1417 379 1501 lectione,
411 1418 527 1502 releget
552 1415 775 1502 scriptorem3
808 1437 880 1485 nam
907 1422 1044 1504 saepius,

110 1531 257 1616 legendus
272 1545 337 1598 est.
382 1529 430 1597 Et
454 1530 563 1613 priora
579 1530 707 1612 quidem
725 1531 855 1600 inventa
872 1551 946 1602 cum
964 1552 1058 1602 cora‘

110 1649 209 1734 riget,
239 1663 311 1714 tum
344 1646 572 1714 confirmabita
605 1664 664 1713 nec
695 1645 850 1716 dictionis
882 1651 1041 1719 rationem¹

107 1783 259 1848 umquam
287 1765 457 1850 negligeta
490 1776 673 1844 caeterum,
701 1764 767 1850 jam
792 1764 833 1830 ad
864 1770 1043 1834 materiam

109 1900 237 1964 quoque
264 1882 409 1948 animum
436 1878 574 1961 propius
601 1877 759 1944 attendet.
800 1877 887 1944 llaec
914 1879 1044 1948 umrer·

103 2012 140 2063 sc
154 1999 276 2081 duplex
297 2011 370 2076 est,
394 1994 446 2059 vel
459 1984 710 2082 ’philosophiae,
733 1994 787 2059 vel
810 1995 962 2084 rellqnae
985 1993 1043 2062 do-

104 2119 258 2197 ctrinae,
291 2130 374 2196 quae
405 2110 543 2194 pertinet
573 2096 613 2176 ad
648 2109 839 2193 historiam,
871 2111 1046 2196 antiquita·

108 2244 197 2313 tem,
228 2246 356 2309 mores,
388 2227 497 2312 leges,
528 2224 702 2311 instituta,
735 2226 928 2310 opiniones,
959 2242 1044 2294 artes

116 2367 154 2415 ac
175 2346 362 2433 disciplinas
391 2362 504 2411 omnes
528 2343 671 2411 inomni
696 2345 783 2411 vitae
805 2361 917 2426 genere
937 2360 1046 2410 versa·

115 2477 177 2530 tas.
207 2460 454 2546 Philosophiam
471 2459 616 2525 Platonis
634 2474 811 2542 cognoscet
828 2476 869 2524 ex
886 2461 961 2542 ipso
974 2459 1047 2525 Ple·

110 2594 205 2649 tonet
228 2577 358 2645 cavebit
374 2575 439 2644 sibi
456 2594 497 2643 ae
512 2575 670 2661 judicium
700 2575 771 2658 ipse
787 2592 884 2641 suum
906 2589 1047 2660 occupet

113 2699 203 2780 eique
227 2698 372 2766 inculcet
398 2695 531 2778 aliquod
562 2693 790 2776 compendium
816 2692 1049 2777 Philosophiae

114 2813 283 2896 Platonis,
314 2811 422 2894 qualia
449 2809 599 2877 feruutur
622 2821 654 2875 ct
685 2809 838 2876 Veterum
867 2811 1045 2893 quaedam,

117 2930 213 2998 veluti
230 2927 387 3013 Apuleji,
408 2926 564 3010 Diogenis
580 2925 727 3007 Laertii,
749 2925 904 3008 Alcinoi,
927 2941 960 2993 et
976 2928 1049 3012 plu·

119 3048 372 3114 rarecentiorum
390 3045 654 3135 dephilosoplriae
668 3045 809 3110 historia
827 3043 1046 3128 Scriptorum.
1083 3022 1086 3027 ’

122 3162 216 3232 Nunc
237 3166 348 3249 ipsum
371 3162 537 3229 Platonem
566 3161 671 3244 legete
705 3160 759 3226 illa
784 3162 1050 3242 compendiorum

124 3282 317 3351 adminicula
341 3277 500 3360 relinquet
526 3261 669 3343 minutis*
690 3276 756 3342 illis
780 3289 812 3341 et
834 3275 977 3343 acutulis
993 3305 1052 3359 pe.

122 3401 342 3487 τεαροφέναξι,
365 3393 517 3461 sublimis
534 3393 660 3460 scilicet
676 3391 852 3477 sapientiae
879 3393 1054 3475 captatori·

125 3513 200 3581 busa
223 3512 405 3595 quiquum
425 3506 538 3574 sibiet
563 3507 755 3591 philosophi
780 3521 812 3572 et
837 3506 951 3574 nescio
969 3506 1053 3592 quid

123 3629 307 3711 videantur,
334 3641 441 3692 tamen
474 3623 675 3705 desiderant,
697 3642 792 3709 saepe
815 3625 908 3692 etiam
935 3641 1055 3710 postu·

126 3747 186 3812 lant
205 3745 245 3814 ab
267 3744 337 3825 iis,
363 3742 420 3823 qui
443 3740 609 3807 Platonem
638 3739 809 3824 diligenter
833 3751 992 3822 tractant,
1017 3754 1055 3806 ut

130 3857 219 3927 breve
238 3846 474 3941 compendium
489 3857 559 3949 ejus
580 3852 809 3937 philosophiae
826 3855 1055 3933 conscribant,

133 3973 328 4042 circumcisis
354 3967 508 4038 omuibus
525 3967 735 4052 ambagibus3
759 3984 832 4033 nam
853 3986 924 4033 cum
941 3969 1057 4033 habere

134 4104 190 4167 lam
210 4096 315 4162 multa
336 4109 356 4159 a
377 4087 552 4174 proposito
579 4086 703 4169 aliem,
741 4099 777 4152 ut
802 4086 909 4169 magni
934 4082 1056 4150 laboris

1016 4197 1062 4263 elt
