2362 4936
68 33 1171 249 .-

196 564 243 623 ,2
406 518 411 528 '
475 540 845 618 corstona

198 735 396 806 Graecorum
412 747 554 812 paucae:
577 742 661 795 caret
678 727 793 797 Plator
809 741 841 794 et
854 724 1048 798 Aristoteles
1066 731 1126 804 alia

198 851 280 933 quid
304 843 443 931 amplius
469 845 626 915 desiderat
653 861 749 940 quam
779 841 1015 930 Sylburgianos
1035 845 1129 913 indi·

192 985 271 1048 ces,
287 982 477 1046 quamquam
498 960 675 1029 laudandos
689 974 872 1044 caeterum,
889 976 926 1027 ut
939 967 1047 1030 omnia
1064 965 1127 1030 hu.

194 1083 254 1169 jus
279 1079 353 1157 viri,
386 1077 426 1144 In
440 1077 641 1162 Hippocrate
654 1077 835 1159 exemplum
850 1077 977 1145 dederat
991 1080 1033 1149 A.
1047 1077 1073 1144 F
1075 1097 1129 1146 oe·

193 1199 294 1282 sius,
324 1195 455 1282 egregio
488 1212 585 1278 opere
611 1192 831 1265 Oeconomiae
857 1193 1124 1279 Hippocratem:
1145 1200 1150 1207 '

195 1316 291 1400 quod
315 1313 438 1380 utinam
466 1310 570 1381 secuti
598 1325 706 1381 essent
733 1309 871 1377 editores
895 1307 1033 1381 Galenic
1066 1309 1128 1392 qui

196 1447 301 1515 quum
319 1441 452 1515 propter
467 1427 625 1500 librorum
646 1427 885 1497 multitudinem
903 1440 936 1496 et
959 1430 1125 1500 doctrinae

192 1547 383 1635 ¹varietatem
403 1545 645 1628 copiosissimis
662 1557 694 1612 et
713 1544 884 1616 verborum
904 1561 936 1611 et
953 1564 1055 1611 rerum
1074 1547 1126 1611 in·

195 1661 328 1733 ditibus
355 1680 441 1744 opus
467 1659 622 1743 haberet,
644 1674 804 1744 utrosque
826 1661 931 1727 adhuc
947 1678 1124 1744 exspectat.

146 1864 150 1871 Ι
190 1777 325 1861 ,Poterat
341 1792 373 1844 et
392 1777 647 1861 Wesselingiani
664 1775 824 1844 Herodoti
843 1778 992 1861 quamvis
1012 1798 1127 1863 magna

194 1894 434 1966 commendatio
454 1906 559 1963 tamen
576 1893 685 1977 augeri
714 1893 859 1967 addendo
881 1894 1126 1977 locupletando-

194 2028 262 2093 que
284 2008 409 2079 Lexico
426 2007 612 2077 Herodotco
626 2006 767 2094 Aemyiii
784 2007 888 2076 Porti.
934 2005 1039 2090 Igitur
1053 2009 1128 2079 Pla·

196 2122 288 2194 tonis
318 2137 453 2205 quoquc
480 2119 585 2191 editor
612 2120 806 2203 glossarium
827 2120 1032 2189 Platonicum
1048 2140 1129 2192 con·

195 2241 308 2323 ficiet,
332 2240 503 2308 verborum
523 2238 789 2323 dictionumque,
809 2257 1028 2321 cumeorum,
1046 2259 1129 2322 quac

194 2357 233 2427 in
254 2356 486 2443 philosophia,
510 2371 580 2424 tum
607 2375 740 2437 eorum,
763 2374 847 2440 quae
865 2356 899 2422 in
917 2357 1043 2440 reliquo
1068 2357 1131 2432 lin.

195 2493 280 2560 guae
299 2493 360 2542 usu
384 2489 566 2543 versantur.
609 2475 657 2542 Et
679 2474 791 2558 prouti
809 2474 980 2547 Ciceronis
1004 2474 1038 2541 in
1065 2477 1131 2544 hoc

192 2611 311 2677 genere
337 2592 402 2661 duo
433 2604 560 2664 exstant
585 2590 753 2669 subsidia,
787 2587 977 2655 Thesaurus
1001 2589 1131 2670 Nizolil

198 2724 234 2774 et
248 2706 362 2773 Clavis
380 2705 532 2787 Ernesti,
556 2703 600 2769 ita
615 2702 818 2770 Platonicum
838 2704 1032 2789 glossarium
1050 2710 1131 2778 utri.

195 2838 304 2904 usque
322 2819 415 2886 dotes
432 2817 569 2899 habeat,
594 2816 696 2882 immo
719 2829 848 2900 superet
862 2814 977 2897 etiam,
1000 2821 1128 2902 copiam

192 2938 308 3017 illius,
324 2934 425 3020 hujus
442 2932 652 3018 diligentiam.
685 2934 794 3015 Atque
811 2930 997 3016 hujusmodi
1013 2931 1128 3017 singu-

193 3051 319 3120 laribus
333 3050 536 3133 Scriptorum
549 3047 682 3115 Lexicis
696 3048 852 3132 paulatim
870 3048 997 3114 materia
1010 3068 1129 3134 conge.-

110 3240 116 3253 ,
193 3170 302 3251 ritur,
326 3168 410 3238 unde
432 3168 555 3251 posteri
570 3167 744 3250 aliquando
761 3164 1009 3250 Stephaniauum
1028 3165 1129 3239 Grae·

194 3303 252 3353 cae
269 3284 416 3369 Linguae
432 3283 638 3351 Thesaurum
658 3285 828 3365 expleant,
852 3283 905 3350 vel
928 3294 1013 3350 certe
1029 3301 1129 3368 auge·

195 3415 272 3475 ants
297 3400 355 3482 qui
380 3402 651 3483 quandocumque
676 3413 707 3465 et
730 3401 930 3482 quicumque
945 3400 1127 3484 exsistent,

194 3533 283 3585 certe
316 3536 382 3584 non
418 3517 501 3585 solis
529 3517 620 3583 hisce
648 3515 866 3601 singularibus
891 3514 1023 3583 Lexlcis
1052 3514 1128 3586 freti

197 3652 284 3718 opus
311 3637 556 3722 aggredientur,
583 3636 635 3709 olor
657 3644 710 3709 aiv
736 3641 839 3722 βροτοί
855 3640 941 3719 alas,
970 3635 1128 3720 Stephani

194 3752 451 3837 compilatores,
480 3753 520 3819 ad
559 3772 632 3820 eum
661 3755 951 3838 reprehendendum
979 3756 1125 3839 promti,

188 3870 236 3938 'ad
254 3867 443 3935 imitandum
461 3868 598 3945 infirmia
624 3871 680 3935 sed
696 3886 770 3938 uere
786 3869 999 3937 Grammatici
1013 3890 1052 3936 ex
1069 3874 1125 3937 he·

194 3981 287 4061 ruico
312 3983 370 4057 illo
400 3982 556 4071 Stephani
582 4001 697 4070 genere
721 3999 754 4057 et
779 4001 880 4072 aevo,
903 4002 1034 4078 magnas
1058 3986 1125 4067 ipsi

1046 4118 1124 4171 Silai
