2362 4936
58 530 172 641 ‘gp
333 524 836 607 nuncnuucrn

102 729 236 804 Parisiis
252 721 489 797 Drrmrradium
504 719 695 804 profectus,
718 720 752 788 in
768 719 882 792 itinere
904 712 1038 797 lietdrl*

102 848 218 927 berpae
231 859 336 910 totum
352 839 434 905 diem
451 838 540 919 apud
557 836 755 901 Creuzerum
778 854 933 907 nostrum
955 840 1038 911 fuit.-

104 962 172 1049 Qui
196 977 263 1043 non
287 954 383 1041 modu
409 970 448 1019 ex
472 954 542 1037 ejus
563 950 789 1031 sermonibus,
816 952 966 1035 ingentes
984 956 1027 1039 ip·

104 1078 177 1151 sius
200 1070 430 1145 incodicibus
451 1067 584 1149 scriptis
606 1067 806 1134 excutiendis
825 1068 982 1155 labores,
999 1084 1029 1139 tt

103 1200 263 1269 librorum
300 1194 494 1259 edendorum
531 1190 729 1271 propositam
759 1191 1035 1279 multitudinem,-

107 1315 166 1385 sed
187 1313 280 1379 etiam
299 1328 341 1375 ex
365 1306 511 1390 corporis
528 1306 683 1387 ¹edspectu
702 1305 897 1373 inusitatum
918 1309 1034 1377 uirium·

108 1431 210 1509 robur
224 1447 261 1495 cc
278 1426 492 1499 valetudinem
510 1442 612 1490 succo
628 1437 662 1495 et
679 1423 836 1507 sanguine
852 1425 950 1507 qumi
967 1440 1040 1493 tiu·-

109 1561 260 1633 gentem·‚
282 1542 534 1611 admiratusest.
570 1539 825 1621 Unde,nemiue
842 1545 1036 1625 quidemn«

110 1658 144 1727 le
162 1658 240 1740 quid
259 1671 441 1737 metuente,
465 1670 570 1721 tamen
595 1673 668 1720 mou
689 1654 839 1737 apparuit
856 1654 942 1749 illud
959 1656 1035 1741 lllpr

108 1789 318 1862 poenatem,
342 1780 360 1853 ri
386 1776 436 1843 ὄπ’
457 1774 545 1855 ἄκρον
572 1773 669 1851 εὐεξίη
692 1773 859 1854 alburni,
883 1786 1035 1841 tumui

112 1888 329 1967 ualetudinem
340 1905 417 1959 ¹esse
429 1888 658 1968 periculosam.
704 1884 819 1953 Rodum
835 1883 964 1959 Parisiis
978 1883 1034 1949 mi-

114 2003 161 2073 sit
176 2002 273 2069 nobis
291 2001 449 2081 exemplar
467 2000 664 2083 promissum
686 1995 840 2079 Gregorii
858 1996 1030 2077 Kocuiaui,

114 2118 214 2205 dcxv
231 2116 409 2197 Octobris,
430 2114 594 2198 adscripti
613 2114 726 2196 prucis
747 2116 855 2181 verbis
869 2112 1029 2183 samntio-

115 2202 170 2307 ne.
215 2216 300 2299 Mox
326 2235 359 2299 d.
377 2249 450 2305 xur.
459 2228 657 2297 Novembris
674 2233 801 2312 vesperi
819 2230 1032 2297 alicuudedo·

115 2368 205 2435 mum
230 2350 376 2430 rediens,
398 2350 553 2433 apoplexi
576 2347 720 2415 concidit
746 2348 780 2413 in
799 2349 852 2413 via
871 2346 1034 2431 Honora,

116 2466 258 2548 indeque
291 2467 464 2546 sublatus,
499 2482 647 2531 mortuus
679 2468 812 2531 domum
840 2468 959 2535 relams
980 2480 1031 2535 eet

116 2580 194 2651 Nos
219 2580 280 2643 viri
307 2579 400 2645 obitu
426 2600 463 2644 eo
483 2582 583 2662 magis
609 2581 778 2662 dolemus,
802 2600 871 2664 quo
895 2585 1033 2668 magice

119 2696 219 2765 nobis
246 2692 350 2773 favit,
381 2709 411 2759 et
442 2692 636 2760 Batavorum
660 2697 695 2762 in
721 2696 773 2765 his
799 2697 959 2767 Literiss
1010 2698 1031 2779 “,

118 2828 157 2876 ac
185 2810 363 2903 rationem,
388 2828 483 2891 quarn
509 2810 638 2893 quidam
664 2830 805 2883 recentes
827 2818 899 2900 ejus
916 2837 980 2903 pop

121 2944 176 2995 res
210 2924 405 2991 Hellenistac
442 2942 645 2993 contemnere
681 2928 783 2995 videri
809 2933 950 3016 volunt,
978 2934 1035 3017 prr

122 3041 298 3126 probavit,
321 3041 485 3125 laudavit,
508 3058 640 3110 secutus
657 3060 720 3112 est.
765 3047 918 3117 Vidimus
934 3070 970 3117 ca
1026 3116 1029 3121 .

120 3177 220 3245 gum,
242 3173 362 3241 partem
382 3158 596 3245 bibliothecae
611 3161 714 3229 Bastii
730 3169 943 3247 complexum
959 3182 1014 3235 tr!

120 3293 207 3363 guae
221 3276 261 3343 ad
280 3278 513 3344 conaturam
543 3277 724 3366 Antiquam
752 3295 785 3345 et
804 3280 940 3351 Noram
1003 3270 1008 3281 ¹

126 3402 200 3463 lur:
216 3407 246 3459 et
259 3395 401 3460 uidimus
420 3395 616 3475 optimorum
635 3397 792 3463 librorum
811 3400 1005 3481 editiouuuq
1064 3446 1070 3491 :

125 3512 367 3601 multitudinem
394 3531 506 3578 nostra
526 3513 763 3594 exspectatione
781 3517 948 3600 majorem.
988 3512 1013 3581 l

127 3625 192 3691 tiae
216 3640 319 3691 autem
346 3629 500 3695 lectiones
527 3631 545 3694 e
567 3628 736 3697 codicibus
764 3631 901 3715 scriptis
919 3634 960 3702 eb
980 3634 990 3699 i

127 3752 317 3821 ¹excerptae,
348 3757 413 3807 non
441 3743 548 3809 solum
578 3744 612 3823 in
646 3746 855 3828 marginibus·
880 3752 956 3819 edit'

115 3869 278 3947 uastant,
302 3856 467 3923 sedetiam
488 3858 706 3942 singularibus
724 3860 901 3945 inscriptae
917 3866 1027 3935 chartis

127 3964 307 4065 fasciculos
321 3988 391 4059 cxv
403 3974 551 4059 explent,
566 3975 598 4039 in
614 3973 735 4056 quibus
750 3981 942 4061 complures
962 3980 1001 4050 et‘

127 4080 246 4153 inediti
268 4085 372 4156 libelli
394 4087 534 4175 Graeci,
556 4103 588 4157 et
614 4091 719 4175 ipsius
744 4093 1033 4173 animaduersione
