2362 4936
226 539 488 615 rnanoours
510 539 774 616 nnsrourcn
908 574 973 641 sm

58 730 189 823 „uem”
226 730 272 799 Et
301 727 460 794 Herodoti
487 729 590 809 illud,
614 734 685 814 lv,
708 737 773 815 36:
798 738 827 806 fl
851 737 885 805 nl
907 745 966 809 ,tat

33 880 121 943 ,ηις
133 848 315 935 Ἵσιρβόμω
333 845 501 930 ἄνθρωποι,
525 847 585 916 elei
603 849 656 917 teci
675 853 851 935 trepidem·
875 857 966 937 quod

52 965 281 1046 Bntortltmes,
302 958 455 1044 quamvis
473 959 629 1043 Stoicus,
653 950 856 1046 reprehendit
872 971 963 1049 apud

52 1083 218 1153 mbonem
244 1077 283 1159 1,
315 1094 350 1161 p.
377 1073 461 1155 10⁶,
485 1089 518 1140 et
546 1093 630 1158 107,
662 1078 720 1142 nbi
745 1080 965 1160 Casaubonua

41 1198 165 1283 'legetur
218 1193 306 1274 Sed,
336 1190 367 1257 si
398 1188 463 1255 hoc
493 1193 688 1258 concedatur
714 1193 862 1279 Platoni,
887 1190 962 1267 'duo

52 1311 192 1385 monens
213 1309 294 1375 haec
327 1323 439 1393 genera
468 1307 627 1376 dodelmu
661 1323 695 1374 et
728 1315 890 1395 tuleris,
923 1334 959 1382 re

52 1444 112 1495 ren
125 1442 218 1507 esse,
236 1439 296 1490 nec
315 1420 541 1487 tantummodo
556 1421 756 1505 cogitatione
771 1424 869 1510 lingi3
887 1433 964 1497 nul.

52 1543 147 1612 luerit
166 1539 244 1607 ratio
266 1554 367 1622 quare
392 1552 460 1602 non
477 1536 675 1602 concedatur
695 1536 778 1604 illud
803 1545 894 1622 quod
910 1545 961 1610 in.

21 1678 25 1683 ·
54 1659 88 1727 dt
105 1658 268 1740 sequitur,
297 1651 453 1720 Animum
478 1667 553 1717 esse
573 1650 753 1733 simplicem
774 1671 833 1721 nec
859 1673 963 1727 morte

53 1773 194 1859 corporis
207 1767 364 1838 dissolvi.
406 1765 481 1833 Hoc
501 1764 586 1831 enim
605 1762 697 1835 Plato
711 1767 856 1851 diligenti
872 1790 963 1837 com.

53 1890 202 1975 paratione
218 1882 331 1952 Animi
348 1858 421 1947 cum
446 1881 594 1965 Corpore
623 1881 770 1963 conficit.
814 1880 963 1957 Reuoctt

54 2004 176 2092 denium
199 2002 262 2069 hoc
281 2000 516 2081 Argumentum
545 1996 586 2061 ad
609 1994 759 2062 Divinam
787 1997 966 2069 Providen-

56 2119 144 2202 t‘un,
163 2132 200 2185 ut
217 2117 333 2183 doceat
352 2110 488 2180 Animos
511 2112 550 2180 ad
567 2112 731 2178 veritatem
754 2131 791 2177 ac
809 2113 961 2185 virtutem
1040 2181 1046 2193 ,

59 2233 150 2300 lactor
167 2250 235 2298 esre
259 2230 279 2297 l
304 2227 392 2295 Deo.
451 2226 577 2310 Igitur,
609 2226 815 2309 utquisque
842 2228 876 2296 in
904 2231 966 2299 hac

60 2347 123 2414 titl
134 2346 258 2414 Divinae
274 2344 351 2408 huic
379 2342 440 2426 legi
466 2341 628 2424 paruerit,
653 2341 697 2405 ita
725 2343 887 2426 cujusque
914 2346 966 2411 fu.

60 2472 156 2527 turum
180 2472 294 2526 sutum
322 2455 405 2524 fore.
451 2454 536 2520 Nam
561 2455 618 2534 qui
643 2455 769 2519 veritati
796 2476 831 2522 ac
855 2461 970 2528 virtuti

55 2570 263 2655 studuissent,
285 2591 343 2639 eos
365 2573 405 2637 td
431 2571 534 2637 Deum
564 2583 777 2651 perventuros
801 2587 965 2641 auctorem

55 2690 202 2759 tentans:
225 2687 283 2771 qui
311 2706 387 2758 uero
402 2685 562 2769 Corporis
582 2685 807 2768 voluptatibus
835 2688 967 2757 serviis·

56 2821 137 2888 rent,
152 2823 208 2873 eos
223 2805 331 2872 denuo
345 2801 478 2884 Corpus
496 2818 665 2885 quaerere,
691 2801 725 2866 in
744 2812 848 2883 eoque
863 2808 967 2877 nasci.

93 2921 215 2989 Sestum
240 2921 478 3000 Argumentum
503 2916 642 2998 pertinet
665 2916 705 2982 ad
738 2917 970 2990 confutandam

55 3054 158 3105 eornm
176 3033 383 3118 opinionem,
405 3032 463 3113 qui
486 3033 639 3098 Animum
669 3031 703 3098 in
723 3035 861 3126 quddam
888 3038 973 3105 cof.

55 3152 139 3237 poris
153 3149 340 3228 illectione,
363 3162 394 3215 et
419 3145 565 3214 humoris
581 3146 788 3229 calorisque,
813 3151 970 3222 siccitatis

53 3287 88 3337 rc
100 3266 250 3352 frigoris,
274 3275 527 3345 temperamento
547 3277 750 3344 posuerunt3
776 3266 879 3331 veluti
895 3266 972 3335 Par·
1096 3262 1099 3269 '

50 3384 205 3465 omlnes,
227 3384 344 3459 Zeno,
369 3393 401 3443 et
424 3375 501 3443 alii·
537 3372 576 3441 lu
598 3375 661 3441 hoc
681 3379 883 3460 Argumento
907 3401 974 3451 ma.

49 3518 108 3589 gna
122 3514 170 3566 ost
186 3499 258 3577 vis,
282 3511 379 3576 quam
398 3488 529 3555 uberius
555 3489 780 3572 explicuerunt
811 3497 972 3577 posterio-

10 3672 12 3683 .
47 3632 115 3696 res,
142 3614 200 3697 qui
223 3611 374 3681 Platonis
398 3603 533 3689 vestigia
557 3606 717 3687 persecuti
745 3623 844 3692 sunt,
874 3627 972 3697 atquc

10 3704 18 3779 't
48 3728 200 3813 egreg'am
229 3724 331 3793 nobis
352 3719 655 3788 demonstrationem
673 3740 882 3808 pepererunt,
905 3730 970 3811 qui

10 3838 15 3891 'l
48 3841 201 3925 eflicitur,
224 3836 404 3926 cogitandi
421 3841 485 3905 νέοι
504 3856 565 3901 oon
582 3853 673 3923 posse
692 3839 793 3905 inesse
812 3844 971 3931 Corpori,

10 3946 16 4003 Ι
46 3961 161 4046 quippe
170 3956 267 4037 cujus
283 3972 388 4018 omncs
405 3955 544 4016 actiones
555 3953 780 4042 passionesque
788 3963 977 4025 continean-

10 4050 14 4161 f
40 4088 103 4144 tut
114 4075 277 4164 partiunt
300 4069 478 4134 mutatione
500 4087 540 4130 ac
560 4080 663 4135 motu.

417 4208 424 4217 ·
491 4180 568 4268 114
899 4183 977 4269 Sep.
