2362 4936
235 540 313 629 sse.
422 526 942 609 mrstursrto
1021 628 1025 637 ¹

99 750 174 817 Μ
188 757 221 813 1,
233 737 368 811 quent&
391 721 585 809 Academici,
599 722 756 807 paulatim
781 720 1105 831 defecerumtaliqu'at

107 820 219 889 Μ
232 860 302 915 tum
317 842 514 913 Cuueadest
529 844 605 926 plus
622 840 878 911 Clitomachus:
892 844 1101 927 plusttimln‘r

229 964 266 1030 io
291 959 461 1031 Ciceronis
492 958 665 1043 magister,
697 960 757 1040 qui
782 958 923 1043 propius
950 962 985 1027 td
1001 958 1099 1033 ΡΜ

230 1073 419 1145 seutentiam
447 1072 551 1141 rediit.
594 1071 696 1139 Porto
716 1071 894 1141 Ciceronis
910 1074 1099 1161 Academicum

230 1189 328 1257 tiolo
345 1205 384 1255 co
404 1187 517 1271 posita
530 1201 621 1269 eret,
643 1202 680 1253 ut
699 1188 839 1255 libenter
854 1188 889 1255 in
906 1204 1100 1285 nmuquepm
1133 1198 1136 1209 ·

227 1315 291 1391 ῑρω
321 1304 526 1386 disputaret,
555 1321 624 1371 non
648 1303 738 1384 quod
763 1305 875 1369 omnia
896 1324 983 1388 aeque
994 1292 1103 1383 nium

224 1432 301 1491 reta
315 1436 388 1487 ease
410 1431 563 1501 putaret,
582 1418 639 1485 aed
656 1419 746 1499 quod
761 1436 803 1485 ex
821 1421 1100 1513 smtenmmuroug
1134 1500 1136 1507 Α

225 1536 395 1623 paratione
426 1534 561 1603 maxime
591 1532 664 1599 elici
690 1545 824 1616 putaret
853 1534 987 1617 quodsi
1007 1531 1098 1609 Verum

227 1655 373 1737 proxime
389 1652 562 1719 accederet.
586 1650 700 1732 ltaque
715 1667 776 1716 nec
795 1652 904 1717 omnia
918 1648 1022 1735 negabat
1034 1655 1098 1728 tui

225 1767 267 1833 ab
283 1764 356 1831 aliis
375 1762 474 1830 sectis
492 1763 740 1844 statuebantur,
763 1766 822 1831 sed
839 1784 921 1848 quae
934 1764 968 1833 ab
987 1765 1096 1831 mutu
1133 1806 1136 1853 j

227 1881 440 1963 dicebantur,
463 1879 519 1947 ille
535 1881 733 1951 verisimilia
750 1884 903 1953 vocavite
918 1885 996 1951 cunia
1009 1877 1096 1948 ueul·

222 1999 277 2071 fic.
300 2000 343 2067 ll.
374 2021 407 2066 a.
450 1997 523 2083 lpse
547 1997 639 2064 Plato
669 1997 834 2064 veritatem
863 2018 902 2066 cx
917 2000 1097 2079 nummos

221 2116 285 2183 reis
309 2128 342 2179 et
362 2112 477 2181 creatis
503 2110 661 2193 tollebat,
683 2126 781 2193 atque
808 2130 875 2180 eant
900 2116 934 2181 in
956 2112 1021 2181 solia
1037 2109 1095 2179 litis
1133 2139 1136 2181 ε

221 2229 387 2312 ponebatt
418 2245 523 2310 neque
551 2242 654 2293 tamen
683 2229 790 2293 minus
816 2232 938 2317 egregie
957 2232 991 2297 de
1011 2226 1099 2311 Div'ni¹
1134 2253 1136 2293 τ

224 2343 431 2411 Providentia
443 2356 474 2408 et
490 2342 684 2409 Animorum
699 2339 941 2410 Immortalitate
952 2338 1093 2428 pronuncia·
1134 2380 1136 2415 ;

223 2459 289 2529 uit.
332 2457 444 2537 ltaque
460 2456 604 2538 Cicero,
628 2474 729 2538 quum
746 2469 779 2522 et
802 2474 891 2525 esset
909 2474 937 2526 et
952 2454 1037 2523 hebui
1048 2451 1098 2533 ul·¹

220 2582 266 2656 let
293 2579 525 2662 Academicus,
561 2581 598 2646 in
625 2580 765 2663 Physica
796 2598 830 2647 et
855 2580 967 2650 Murali
985 2578 1093 2649 Philoto-

217 2696 312 2781 phiae
332 2711 423 2779 parte
448 2696 616 2765 Platonem
637 2699 772 2765 maxime
794 2717 988 2769 secutusett
1018 2694 1091 2761 Huni

216 2808 490 2893 Philosophorum
506 2813 608 2878 Deum
626 2814 787 2897 appellat3
802 2817 894 2885 hunc
905 2816 1025 2887 omuibus
1035 2809 1092 2875 diis

216 2927 403 3005 anteponit3
420 2941 493 2990 cum
510 2927 572 2991 hoc
588 2944 710 3009 errare,
723 2947 823 3011 quam
846 2954 921 3001 cum
936 2933 996 3000 aliis
1009 2944 1090 3003 tuuu

215 3039 341 3118 dicere,
363 3039 499 3108 mauult·
530 3040 621 3111 Pleni
635 3058 716 3143 aunt
732 3045 944 3121 ciceroniani
958 3051 1020 3119 libai
1032 3043 1091 3113 sini·

217 3156 308 3225 libus
332 3156 479 3226 Platonis
508 3159 679 3244 laudibus,
703 3183 785 3247 quas
808 3185 943 3253 propter
958 3163 1090 3255 ipsanio·

214 3277 379 3360 quentiam
396 3298 434 3346 ac
461 3279 696 3349 multitudinem
719 3302 782 3350 suo
807 3303 968 3372 quamque
982 3290 1093 3354 locunt·

214 3409 281 3465 tare
297 3405 431 3460 nonest
452 3411 596 3462 necesse.
640 3396 724 3463 Satis
742 3412 815 3481 est,
834 3404 926 3485 quod
939 3403 1094 3474 videbimus,

215 3531 289 3578 eum
306 3513 346 3579 de
363 3511 607 3579 lmmonalitate
623 3531 755 3597 quoque
772 3516 920 3587 Platonis
930 3519 1096 3605 potissima

211 3628 437 3695 auctoritatem
458 3642 602 3697 secutum
613 3628 703 3697 esse.

256 3739 319 3811 Ν.
352 3742 471 3824 Neque
496 3760 574 3812 vero
599 3765 637 3812 ex
669 3747 751 3832 ipsis
776 3749 1018 3839 Philosophicis
1036 3747 1096 3820 liltit

209 3862 395 3949 promiscue
423 3875 455 3926 et
479 3863 551 3933 sine
574 3865 699 3932 delectu
724 3871 861 3950 petenda
889 3889 968 3941 sunt
993 3873 1099 3941 testim

212 3979 278 4047 nia.
324 3980 501 4064 Diligenter
532 3982 616 4049 enim
640 3982 976 4072 animadvertendum,
997 3989 1098 4071 quino

207 4100 292 4182 sui,
322 4099 464 4183 quidex
488 4099 592 4170 auena
618 4105 756 4188 petsoul
778 4107 977 4185 pronunciet
1002 4106 1099 4174 cicero.

1058 4212 1100 4299 lli*
