2362 4936
163 564 227 656 nn
248 574 640 655 rnrmmnsnmarn
664 564 817 651 suurn
890 580 954 690 ⁶9⁹

86 781 150 839 :rte
185 768 310 837 dictum
339 764 424 835 esset
451 742 492 835 ab
515 745 721 845 seimon,-
745 776 851 829 tamen
878 760 959 829 haee
971 775 1035 825 sees
1053 765 1100 819 vt.

86 906 101 955 ι
127 883 289 953 sententis
309 898 539 964 consequatur.

86 999 121 1067 lt
146 996 257 1066 ommis
276 997 446 1065 Esoterics
464 996 652 1066 Aristotelis
668 991 817 1064 dootrlna
833 991 956 1061 obscu-

104 1158 108 1163 -
123 1113 240 1189 tradita
255 1126 329 1193 est,
352 1113 396 1179 ita
415 1113 516 1196 magis
534 1113 627 1179 etiam
648 1112 713 1178 loci
729 1112 768 1177 de
783 1110 900 1176 Animi
915 1096 963 1174 od

883 891 886 895 ,
968 836 1135 921 drumm·

86 1260 118 1297 ι.
163 1228 354 1312 Itaqueiam
371 1228 551 1308 antiquitus
567 1244 715 1294 caussam
737 1222 956 1308 reprehensim

86 1340 267 1425 praebuit,
288 1361 324 1406 sc
345 1342 375 1407 si
394 1342 435 1409 de
455 1341 551 1424 Deo,
572 1340 799 1418 Providentia,
820 1349 852 1404 et
877 1334 959 1403 lini·

86 1474 166 1525 run
183 1454 438 1536 inmortalitate,
450 1473 527 1521 non
556 1455 636 1523 satis
654 1453 821 1538 magnifice
838 1453 960 1519 sensis-

111 1622 115 1627 -
140 1560 206 1639 'sm
226 1583 330 1637 temen
355 1570 498 1636 acerrimi
523 1571 617 1638 etiam
633 1569 873 1652 reprehensores
889 1583 959 1633 non

86 1707 95 1753 t
123 1687 191 1759 noc
207 1687 336 1753 nomine
348 1700 563 1768 accusarunt,
587 1685 680 1767 quasi
697 1681 829 1753 omnino
845 1699 961 1764 negas·

96 1803 241 1871 illarum
263 1819 365 1869 rerum
391 1801 577 1881 veritatem,
598 1801 654 1866 sed
674 1802 764 1882 quod
784 1796 959 1867 obscurius

86 1916 208 1985 levius
244 1915 284 1982 de
307 1916 347 1983 iis
374 1916 634 1996 pronunciasset.
686 1913 802 1995 ltaque
824 1912 961 1990 Atticus

86 2032 113 2099 Ι
142 2030 326 2101 Eusebium
353 2029 465 2112 Prsep.
489 2030 617 2113 Evang.
636 2028 712 2096 XV.
731 2047 765 2111 9t
796 2026 859 2095 hoc
885 2025 961 2108 qni·

135 2144 310 2225 concedit,
357 2184 379 2225 „
400 2142 607 2211 Aristotelem
634 2151 715 2216 Notio
739 2142 962 2210 Immortalem

86 2266 210 2345 relsser
233 2244 290 2328 sed
313 2260 423 2342 addit,
455 2261 534 2325 hoec
555 2258 814 2340 Immortalitas,
836 2244 965 2347 quomo}

86 2380 196 2445 nenti
221 2377 317 2462 (νῷ)
339 2374 443 2441 tribul
461 2375 581 2463 possit,
604 2379 677 2464 quis
700 2377 799 2451 etlam
828 2375 897 2458 q'us
918 2379 963 2442 sit

86 2500 92 2541 l
129 2505 271 2559 mortem
283 2503 410 2573 status,
433 2493 559 2557 omnmo
576 2490 620 2556 ab
636 2490 814 2561 Aristotele
830 2512 894 2558 oon
909 2512 967 2560 est·

86 2604 185 2675 rrum
207 2588 311 2674 es'se.”

86 2716 174 2813 {rgo
199 2722 413 2807 Aristoteles,
438 2735 476 2791 ut
501 2704 662 2809 obscure,
694 2728 750 2795 sed
774 2739 966 2803 tamenets-
1009 2742 1108 2791 numm·

86 2852 96 2901 ι
127 2832 284 2923 Animum
304 2857 374 2906 esse
390 2839 628 2922 Immortalem,
662 2841 705 2909 its
725 2844 765 2909 de
782 2841 967 2910 conditione
979 2808 1144 2924 ffi‘ss‘sse'ssg

86 2950 275 3049 relaturae
300 2956 346 3020 nil
370 2955 485 3022 diserte
501 2956 606 3025 dixit:
630 2970 794 3040 ceterum,
820 2969 858 3023 ut
881 2956 969 3022 aide·

86 3074 123 3145 t,
159 3064 285 3137 Animo
310 3067 407 3134 vitam
433 3071 560 3151 quidem
587 3071 802 3141 Immortalem
830 3071 969 3152 tribuit,

86 3172 109 3253 ἱ
130 3197 196 3247 mm
214 3200 348 3250 vacuam
367 3203 384 3249 a
403 3187 506 3249 rerum
526 3185 735 3268 singularium
754 3185 970 3271 cogitatione,

86 3293 221 3377 nona,
243 3297 419 3379 appetitu,
441 3300 631 3382 voluptate,
651 3301 774 3369 dolore.

86 3396 263 3495 ¹Aristoteli
289 3415 450 3479 successit
476 3413 875 3496 Tunonnnssuua,
913 3430 970 3479 cu·
1016 3419 1104 3470 Theo-

86 3510 112 3585 ἰ
126 3541 166 3591 ex
189 3506 299 3590 multis
330 3528 460 3626 scriptis
478 3532 630 3613 quaedam
650 3543 888 3609 strumosum,
911 3547 970 3613 nec
985 3483 1102 3547 „mu

86 3648 155 3709 heu
176 3657 235 3722 ea,
257 3640 290 3706 in
311 3643 432 3723 quibus
447 3645 486 3708 de
501 3646 620 3712 Animi
636 3632 846 3730 prodiderat,
868 3644 977 3713 velmi

86 3748 140 3835 ber
162 3756 228 3841 uel
250 3764 378 3843 ψυχῆς,
402 3777 495 3841 quam
529 3774 682 3826 memorat
696 3759 860 3846 Diogenes
875 3758 974 3827 Laer-

86 3884 119 3937 ts
152 3864 196 3937 V.
222 3873 276 3938 oo.
325 3873 409 3939 Eum
436 3893 513 3941 vero
536 3872 666 3942 inloto
695 3874 735 3942 de
758 3875 878 3944 Animi
903 3893 972 3943 nou

86 3974 248 4053 sumsisse
280 3985 318 4050 ab
354 3989 552 4068 Aristotele,
586 3988 754 4073 colligitur
773 4010 847 4058 cum
876 3990 971 4072 iude,

89 4098 143 4167 od
161 4098 252 4167 nulla
267 4101 352 4185 apud
365 4102 532 4188 Antiquos
551 4104 649 4188 hujus
664 4103 975 4181 dissensionismen·

86 4208 171 4285 W.
192 4200 237 4288 11.
546 4216 609 4305 Qq
925 4219 980 4296 tiu
