2362 4936
102 537 172 632 ,tr
317 530 820 611 easrsuusnru

103 724 204 796 ctiam
231 720 434 793 Professores
458 720 658 804 hidenses,
680 740 721 792 ut
748 724 874 794 deditos
898 729 1015 803 muln

110 843 300 913 Narravicis
316 839 484 923 partibus,
506 842 578 907 suis
591 843 751 909 cathedris
767 843 950 929 privarent,
967 847 1014 917 Per

107 959 262 1042 stelium,
284 957 472 1037 moinum,
494 971 527 1022 et
545 955 675 1024 fr'ttrem
701 957 826 1025 Boetsii
844 959 1010 1045 carolum

111 1072 312 1153 Tltoolopiae
326 1069 568 1156 Professorem,
593 1072 669 1157 ipso
687 1073 846 1145 minorem
864 1075 1012 1159 qudeim

107 1189 180 1257 oio.
224 1184 311 1267 Hie,
332 1199 372 1251 ut
397 1187 548 1271 princeps
566 1204 807 1273 cognatorum,
830 1208 958 1274 quorun
979 1190 1011 1273 ln

103 1299 212 1366 tutele
237 1312 271 1366 et
289 1297 456 1367 curatione
478 1318 646 1385 aegrotans
675 1301 772 1370 frater
795 1320 903 1387 esset,
924 1304 1009 1389 nujus

109 1415 255 1484 fortunis
284 1414 333 1482 sic
358 1432 394 1481 se
420 1418 589 1483 consulere
614 1415 727 1485 debere
752 1418 960 1500 existimarit,
983 1430 1012 1487 tt

108 1550 207 1614 etim,
226 1532 336 1605 relicta
352 1549 411 1598 sus
427 1532 524 1601 domo
539 1547 571 1601 et
589 1533 732 1615 familia,
754 1536 930 1605 eurumdem
940 1534 1010 1601 altu·

107 1646 261 1728 dumque
280 1646 457 1712 collocaret
473 1661 557 1712 cesta
573 1664 679 1713 annua
695 1647 841 1715 mercede
861 1646 945 1730 apud
958 1662 1010 1711 ms·

112 1761 257 1847 gistrum
287 1759 476 1845 hujusmodi
493 1761 686 1843 custodiae,
708 1780 792 1844 quae
810 1760 943 1847 Delphis
962 1770 1009 1829 tat·
1028 1838 1030 1854 Ι

110 1876 214 1965 Quod
238 1876 291 1944 hic
319 1876 445 1961 optimo
473 1876 615 1947 consilio
639 1875 779 1960 fecerat,
808 1877 846 1947 id
866 1886 1030 1963 tegmem

111 1991 211 2063 irater
240 2011 396 2060 summam
424 1993 570 2078 injuriam
603 1978 842 2078 interpretans,
864 1993 1030 2089 reltumenr⁸

107 2109 180 2178 tius
200 2111 293 2177 edam
311 2127 407 2192 quam
427 2125 518 2176 antea
533 2107 641 2176 animo
656 2124 864 2192 exasperatus
876 2120 908 2177 et
926 2102 1004 2173 imo·
1026 2094 1029 2099 ’

108 2246 144 2297 se
166 2229 318 2296 incensus
338 2241 410 2309 est;
433 2240 470 2291 ut
492 2228 610 2292 malum
633 2241 701 2293 arte
717 2224 896 2293 insanabile
907 2218 1005 2289 dubita

110 2346 288 2414 medicinae
318 2343 476 2426 temporis
508 2342 752 2426 relinqueretur.
804 2340 896 2407 Vicit
918 2347 1004 2413 nuta

111 2475 244 2530 naturae
262 2459 405 2527 bonitas.
449 2455 534 2525 Nam
555 2473 655 2538 quum
681 2454 740 2531 isti
763 2452 906 2521 fervores
925 2464 953 2517 et
967 2462 1004 2531 su

111 2596 185 2646 stus
204 2578 322 2660 quinto
348 2565 473 2641 demum
497 2591 582 2641 anuo
598 2572 800 2654 aliquantum
818 2567 1003 2645 meatui·

111 2708 150 2759 ut
169 2705 235 2759 erat
252 2691 382 2773 iugenio
401 2699 537 2754 actuoso
558 2701 590 2753 et
612 2687 764 2754 scientiae
781 2687 921 2772 cupido,
939 2693 1002 2765 retr·¹

111 2824 147 2873 ra
163 2823 223 2871 sua
247 2803 353 2868 studia
370 2800 580 2880 desiderarit,
602 2799 773 2884 librosque
796 2816 876 2866 suns
898 2787 1001 2865 ιιιιιιὶ·

108 2920 172 2988 vit.
218 2917 257 2984 lu
280 2917 330 2983 his
356 2915 493 2982 maxime
516 2933 589 2981 eum
614 2930 770 2999 ceperunt
794 2932 831 2982 tc
861 2917 1002 2985 tenurtull

109 3031 249 3114 Graeci,
269 3048 445 3114 eorumque
469 3030 657 3114 quotidiana
683 3032 822 3101 lectione
847 3032 1000 3101 obleetatu

110 3163 144 3214 ct
169 3147 321 3232 paulatim
352 3148 387 3215 in
409 3151 578 3230 quamdam
607 3149 744 3218 rationis
768 3151 853 3223 viam
875 3148 1000 3217 reductu
1024 3220 1030 3233 ‚

111 3280 176 3335 est.
220 3264 318 3351 Legit
341 3265 590 3348 Aristophanem
615 3281 649 3332 et
675 3265 893 3334 Herodotum.
933 3260 1003 3333 unt

115 3398 252 3464 quoque
270 3394 421 3448 nostrum
446 3384 655 3465 congressum
675 3379 865 3469 requiqivit.
895 3364 1004 3453 void

112 3515 188 3563 rum
207 3515 282 3563 cum
301 3493 488 3579 Paradysio.
521 3495 659 3578 Excepit
682 3512 744 3563 nos
759 3495 1005 3563 lacrimantium

116 3609 159 3675 ad
184 3607 355 3692 pristinam
380 3609 570 3681 hilaritatem
600 3610 723 3676 rediens
738 3609 851 3675 'multa
875 3603 994 3678 uamtlt

113 3720 163 3789 nil
177 3720 217 3787 de
232 3738 296 3786 suo
316 3722 454 3801 morbo,
470 3720 594 3805 quippe
610 3739 646 3787 se
665 3739 790 3805 semper
808 3740 905 3791 sanae
918 3714 1009 3795 mmtll

113 3834 221 3905 fuisse
244 3849 384 3920 puteus:
416 3851 572 3902 caeterum
599 3836 669 3920 ipse
705 3856 831 3905 omnem
858 3847 1013 3911 sernum

14 4020 18 4029 ,
121 3969 311 4035 occupans,
334 3971 373 4021 ex
388 3953 452 4029 alio
467 3955 554 4025 aliud
572 3973 775 4040 memorans,
797 3959 879 4033 satis
899 3956 1017 4047 prudeus
