2362 4936
153 595 203 701 §d
402 576 879 689 ,EPISTOLſtr

575 773 652 840 benc
670 780 738 838 este
762 769 851 838 nihil
862 767 1039 862 ampliato

208 891 313 985 Mafa
341 905 441 976 nate,
472 893 538 960 nisi
556 904 595 960 ut
610 893 755 981 propria
781 891 862 956 hacc
883 892 968 958 mihi
992 914 1039 963 ma

272 1033 316 1081 ra
330 1012 441 1104 fauit.
560 1096 563 1101 Ι
615 1004 618 1010 ’

167 1184 300 1255 -Veteres
326 1185 470 1254 Deorum
497 1180 727 1251 immortalium
754 1192 827 1268 erga
853 1185 1013 1253 mortales

172 1307 275 1372 mines
296 1301 536 1369 beneficentiam
559 1300 665 1367 tribus
691 1299 881 1366 muneribus
905 1303 1039 1369 cenaeba

169 1421 300 1508 primo,
331 1433 370 1485 ut
391 1433 500 1485 esseut
524 1418 652 1484 datores
676 1415 859 1484 bonorum:
885 1417 1021 1501 deinde,

171 1540 316 1607 cumdem
335 1521 578 1606 conservatores
595 1548 627 1601 et
644 1535 824 1602 custodes:
839 1535 999 1619 denique,
1016 1555 1039 1604 a*

169 1653 286 1736 runci,
317 1654 513 1735 hamana
545 1658 669 1732 κακῶν,
696 1653 871 1735 βασκανίας
896 1655 950 1721 καὶ
977 1654 1039 1739 oid:

175 1772 357 1855 malorum,
379 1767 556 1834 calumniae
580 1784 611 1834 et
638 1767 802 1846 invidiae.
826 1769 983 1835 comitum
1006 1772 1039 1838 vi

173 1887 219 1953 tis
237 1901 269 1952 et
294 1885 454 1952 fortunae.
499 1883 588 1950 Mihi
615 1896 767 1966 servent,
789 1903 871 1966 quae
893 1885 1039 1954 dederuut

175 2000 299 2086 triplici
321 2001 480 2069 bonorum
507 2018 641 2084 genere,
664 2001 786 2080 animi,
806 2000 981 2083 corporis,
1003 2018 1035 2069 ct

176 2132 248 2184 rum
264 2132 484 2186 externaruma
508 2118 542 2184 in
558 2133 760 2184 catemarum
784 2135 889 2183 rerum
905 2135 1039 2204 magna]

181 2245 215 2300 te
239 2234 295 2301 Dii
325 2251 521 2309 averruncos
556 2230 804 2300 Professosibus
830 2233 984 2300 dederuut
1006 2233 1036 2301 C

172 2359 275 2417 tores.
369 2440 372 2445 ῃ
482 2404 484 2409 .

220 2467 268 2536 Et
284 2467 374 2550 quod
391 2465 556 2536 cunctorii
574 2464 625 2532 tui
649 2462 792 2532 muneris
809 2462 1039 2532 mentionemi

181 2586 215 2654 si
242 2580 300 2668 q‘ui
323 2582 480 2664 fuerunt,
510 2582 582 2663 qui·
602 2581 689 2646 haud
714 2580 783 2646 scio
818 2599 858 2647 an
879 2577 1020 2665 fuerint,

169 2699 272 2764 ‚huuc
287 2693 366 2762 Tibi
381 2695 536 2761 honorem
554 2693 752 2776 invidmcnt3
769 2711 828 2760 uec
845 2691 964 2759 invidia
974 2693 1039 2760 illo

180 2809 297 2879 obesse
313 2807 393 2874 Tibi
410 2808 542 2892 potuit,
563 2822 596 2873 et
619 2805 688 2873 Tu.
700 2808 788 2891 apud
810 2826 922 2876 omncs
938 2825 1024 2878 recte

182 2928 300 2996 tientes
317 2946 383 2995 eam
408 2927 589 2995 confutasti
613 2929 790 3014 doctrina,
817 2931 960 3016 virtute,
982 2933 1039 3000 bct

183 3046 261 3114 ctis.
306 3044 496 3112 Doctrinam
523 3044 603 3127 quid
628 3062 798 3110 memorem
826 3043 945 3111 tuom?
973 3047 1039 3128 ada<

164 3163 348 3246 ..mitidum
369 3159 522 3239 ἅπαντες·
544 3179 604 3228 uec
631 3175 791 3243 repetam,
814 3165 897 3244 quae
920 3179 1020 3245 supra

180 3279 220 3346 de
235 3292 291 3343 tua
306 3277 521 3344 adolescentia
534 3276 568 3343 in
585 3273 707 3342 Litoris
723 3274 891 3345 facultate.v
936 3275 1031 3344 Hauc

62 3389 68 3401 “
181 3395 288 3464 tutior
317 3409 402 3462 aetas
425 3394 536 3477 auxit,
561 3395 741 3480 multisque
762 3394 967 3463 documentis
991 3394 1032 3462 ad

181 3482 298 3575 blicam
314 3508 462 3576 notitiam
479 3507 637 3594 prodidit:
655 3526 730 3576 cum
746 3508 1026 3596 disputationibus

180 3610 475 3708 bus-propositum
493 3623 669 3709 praemium
688 3623 775 3717 apud
797 3623 976 3692 Societates
993 3622 1039 3689 Er

179 3751 231 3806 tas
248 3728 413 3808 *retus-istie
437 3755 506 3807 tum
530 3743 619 3827 largo
644 3742 899 3808 cultissimotum
914 3757 1040 3822 <poema

180 3870 367 3940 proventu,
390 3857 423 3924 in
451 3857 573 3940 quibus
593 3876 688 3924 nemo
711 3874 769 3923 nec
796 3854 1039 3937 antiquitatisc

179 3991 270 4055 rem,
291 3992 350 4049 nec
369 3973 526 4041 orationis
542 3973 678 4045 Latinae
691 3972 876 4056 elegantiam
886 4013 899 4052 ,
910 3988 975 4037 nec
991 3971 1039 4035 lut

182 4083 368 4174 docuiuae,
390 4105 450 4157 uec
474 4087 645 4159 modorum
664 4085 914 4161 concinnitatem
932 4083 1039 4153 deside
