2362 4936
210 596 261 681 ,ιν
385 561 390 570 ’
499 582 945 663 sorssors.

216 784 353 871 ‚nonen
374 773 553 843 retulerunt
575 771 762 840 Athenaeus
784 770 855 855 xt,
886 791 922 857 p.
942 784 1031 858 505,
1052 768 1111 861 c,
1130 784 1180 850 a!

227 901 392 980 Diogenes
416 888 590 972 Laertius,
619 887 683 957 lll.
705 891 778 971 48:
815 887 873 970 qui
906 887 989 957 idem
1019 890 1180 973 primum

212 980 376 1105 ¹dialogos
401 1005 520 1074 iecisse
541 1005 688 1090 perhibet
717 1005 881 1071 Zenonem
910 1004 1080 1088 Eleatem,
1104 1008 1180 1089 ναι

213 1100 323 1197 'nullo
343 1127 400 1192 ille
427 1100 584 1201 ,auctores
614 1124 775 1203 lienique
806 1124 903 1193 solvor
929 1123 1010 1208 Φασὶ
1045 1132 1180 1213 πρῶτα,-

227 1245 354 1328 νρᾶψαν
380 1240 504 1319 ῑῆνωννν
523 1241 576 1309 τὸν
595 1236 762 1315 Ἐλεάτην.
805 1232 898 1303 Plato
922 1255 962 1302 en
977 1239 1169 1322 Xenophon

228 1356 321 1441 prior
352 1353 539 1420 Socraticos
569 1369 733 1437 sermones
758 1349 915 1431 ediderit,
944 1350 1055 1433 quaeri
1088 1372 1169 1436 pos·

230 1471 287 1539 sit.
342 1467 404 1534 Sed
430 1468 507 1533 haec
527 1484 616 1534 nunc
644 1464 811 1546 exquirere
834 1463 882 1531 nil
907 1464 1034 1534 attinet.
1079 1464 1168 1535 lltud

210 1558 316 1653 ‘inter
339 1602 453 1651 omnes
487 1599 649 1665 constat,
676 1582 842 1647 Platonem
875 1580 1013 1664 primum
1046 1600 1165 1653 omnes

231 1670 463 1783 philosophiae
490 1713 598 1782 partes
622 1697 727 1763 adhuc
750 1697 915 1779 dispersas
931 1699 1172 1785 complexum,

231 1833 301 1882 uno
319 1816 485 1882 doctrinae
504 1814 641 1881 vinculo
657 1815 809 1899 ligasse,
830 1814 1032 1896 dialogorum
1057 1815 1167 1887 forms

210 1936 468 2018 ‚consignasse,
497 1951 630 2015 eamque
653 1929 788 1998 formam
820 1931 861 1998 ad
895 1931 974 1998 artis
1008 1933 1168 2006 rationem

233 2064 267 2114 et
293 2046 609 2115 verisimilitudinem
636 2049 824 2115 communis
858 2046 944 2114 vitae
969 2051 1169 2120 excoluisse.

234 2167 343 2250 Nam,
367 2182 405 2233 ut
431 2169 564 2233 aliarum
591 2186 719 2251 rerum,
751 2168 794 2234 ita
817 2169 1046 2253 philosophiae
1071 2173 1171 2256 primi

235 2284 415 2369 scriptores
449 2281 878 2370 sueruntpoetre,1igatr
906 2302 990 2353 certe
1022 2291 1172 2358 oratione

139 2411 141 2417 '
212 2484 215 2489 Ι
233 2401 447 2485 scripserunt.
494 2399 530 2469 ln
547 2401 670 2484 quibus
687 2420 728 2469 ne
745 2417 957 2469 memoremus
974 2402 1170 2488 Orpheum,

234 2522 439 2605 Musaeum,
471 2523 683 2606 Hesiodum,
714 2543 853 2605 quorum
886 2524 947 2590 snb
977 2527 1174 2597 nominibus

232 2642 345 2722 spuria
372 2639 558 2704 ferebantur
586 2637 747 2704 carmine:
772 2651 857 2703 certe
874 2656 1021 2722 germana
1036 2638 1172 2710 fuerunt

233 2752 470 2836 Xenophanis,
498 2751 719 2832 Parmenidis,
746 2751 972 2832 Empedoclis.
1015 2751 1080 2820 Sed
1105 2753 1174 2821 hoe

213 2928 217 2935 .
233 2871 398 2941 scribendi
414 2890 538 2955 genus,
555 2872 678 2956 quippe
692 2867 880 2935 adstrictum
900 2869 1085 2935 necessitati
1100 2888 1175 2938 mo·

233 2995 376 3074 dorum,
399 3007 498 3071 quum
516 2990 698 3057 excluderet
712 2984 898 3054 fucultatem
924 2987 1089 3054 subtiliter
1103 2990 1172 3055 dis·

213 3104 382 3186 κτενῶ,
413 3101 606 3184 deliniendi,
637 3102 899 3185 argumentandi3
931 3101 1055 3167 factum
1093 3116 1170 3184 est,

214 3236 274 3293 ,ut
290 3221 481 3304 philosophi
499 3219 651 3303 paulatim
670 3236 768 3301 prosa
790 3218 969 3300 scriptione
986 3233 1170 3289 uterentur.

214 3335 281 3415 ,Et
299 3337 600 3419 antiquissimorum
628 3337 755 3419 quidem
779 3335 813 3404 in
840 3337 903 3402 hoe
921 3355 1055 3422 genere,
1078 3355 1168 3419 quos

235 3453 363 3538 aliquid
378 3451 551 3535 scripsisse
563 3465 714 3535 constet,
732 3452 948 3534 Pherecydis,
966 3452 1167 3519 Anaximan.

183 3547 187 3555 ¹
217 3571 309 3661 dri,
338 3569 567 3651 sumersetis,
591 3569 819 3654 Anaregotae,
843 3567 987 3634 Zenonis
1012 3568 1169 3649 Eleatae,

235 3685 404 3769 Gorgiae,
424 3684 578 3768 Melissi,
600 3683 818 3769 Protagorae,
833 3682 986 3763 Prodici,
1003 3683 1168 3764 aliorum,

233 3800 371 3867 libriin
389 3801 572 3885 perierunt,
594 3814 694 3867 utne
716 3813 841 3867 tantum
863 3798 990 3879 quidem
1021 3798 1168 3880 supersit

216 3916 318 3985 ‚unde
355 3934 465 3982 eorum
497 3917 537 3983 de
569 3915 716 3983 oratione
748 3912 923 3998 judicetur.
982 3912 1167 3995 Aliquanto

217 4031 346 4115 ,plures
373 4046 499 4098 exstant
526 4031 679 4112 reliquiae
704 4029 883 4110 Heracliti,
907 4028 964 4109 qui
981 4028 1167 4113 legentibus

214 4147 414 4223 .eententias
439 4148 540 4238 megis
565 4148 780 4235 heinardus,
801 4165 897 4234 quam
921 4145 1168 4231 intelligendas,

1107 4256 1169 4324 oh·
