2362 4936
101 578 169 653 ..aa
284 558 875 645 enarraremus

105 759 289 847 Nepotem,
318 756 531 838 Sallustium,
568 755 699 823 Livium
712 772 729 821 a·
752 770 785 821 et-
805 755 890 823 alios
912 754 1027 827 muln}

104 883 147 949 ln·
162 880 233 947 aliis
256 873 447 961 genetibus,
470 874 666 955 scriptores,
689 890 720 938 et
749 874 813 943 ltuc
841 894 979 958 aevum,
998 892 1025 945 et

111 1012 251 1079 sequens
271 994 379 1060 omnis
405 991 579 1058 Caesarum
600 1007 708 1073 aetas,
741 991 836 1058 talita
871 1002 959 1076 quot
979 1012 1020 1062 re

107 1127 235 1179 censere
258 1108 305 1174 nil
330 1108 457 1175 attinet.
1016 1152 1019 1157 -

144 1221 253 1304 Magis
277 1240 326 1285 me
354 1223 523 1287 advertunt
550 1213 690 1303 Graeci,
714 1219 877 1303 inprimis
896 1214 1046 1297 Athenin}

104 1354 221 1417 enses,
244 1336 442 1419 quibuscum
474 1337 570 1404 nobis
593 1337 692 1419 major
717 1336 820 1402 laudis
838 1335 1015 1403 etfortuate

106 1450 289 1519 similitudo
305 1451 503 1524 intercedit„
529 1450 573 1516 lli
590 1466 693 1533 ergo,
715 1469 841 1532 quum,
858 1463 895 1517 ut
911 1448 1013 1533 reliqui

106 1566 230 1649 singuli
260 1563 412 1630 Graeciae
450 1566 589 1646 populi,
621 1565 798 1630 inlibatae
818 1564 923 1633 forma
946 1566 1013 1648 rein

104 1681 289 1765 degissent‚
312 1679 345 1746 in
370 1677 477 1758 iisque
502 1693 535 1743 et
560 1679 718 1744 maritimo
745 1679 879 1761 imperio
895 1694 929 1745 ct
947 1696 1014 1744 met·

103 1809 231 1862 caturae
254 1790 416 1875 negotiis,
438 1806 470 1858 et
496 1792 672 1857 Literarum
701 1794 884 1877 artiumque
908 1792 1013 1861 studiis

101 1907 287 1994 principes,
305 1906 436 1983 Darium
455 1919 487 1970 et
501 1907 635 1973 Xerxem
648 1948 661 1986 ,
676 1905 833 1973 Graeciae
845 1910 1024 1977 servitutem.

105 2023 326 2103 intentantes,
356 2018 536 2085 incredibili
570 2022 712 2102 virtute,
744 2023 910 2089 acerrimis.
925 2038 1026 2103 proes-

103 2138 178 2220 lils,
210 2136 523 2217 adMaratbonem,
554 2138 785 2221 Artemisium,
820 2136 1015 2215 Srlrminem,

104 2253 268 2334 Plataeas,
291 2254 398 2318 victos
416 2250 525 2335 fugere
552 2252 753 2336 coegissents
780 2269 850 2321 turn
870 2252 1015 2334 Pelopon·

107 2368 200 2436 nesio
224 2367 311 2434 bello
337 2368 492 2434 diuturno
516 2386 551 2432 ac
581 2368 700 2434 difficili
716 2388 749 2432 se
769 2370 921 2435 adversus
935 2366 1013 2450 ipsos

105 2481 250 2549 Graecos
275 2460 372 2546 tutati
395 2494 523 2561 essent;
548 2485 693 2563 taudem,
716 2502 782 2548 non
801 2485 1013 2550 obstantetrn·

102 2610 136 2665 ta
149 2597 306 2663 virtutum
324 2598 595 2677 victoriarumque
610 2598 734 2678 gloria,
754 2599 935 2664 labefactati
947 2604 1010 2675 sunt

104 2709 318 2776 invalescente
342 2709 560 2775 Macedonum
583 2725 752 2790 potentia,
775 2713 915 2797 Philippi
934 2726 961 2778 et
975 2711 1011 2775 n·

105 2823 273 2903 leraudri3
297 2823 329 2888 in
348 2841 484 2905 quorum
503 2839 534 2890 et
554 2824 605 2888 his
623 2825 772 2908 deinceps
789 2829 1009 2894 succedentium

107 2957 217 3023 regum
236 2930 357 3004 ditione
375 2935 528 3003 fuerunt:
545 2939 741 3020 quibuscum
757 2942 896 3029 denique
908 2962 941 3010 ac
955 2955 1007 3007 tota

107 3070 182 3118 curn
200 3046 336 3120 Graecia
354 3051 417 3133 ipsi
434 3071 565 3133 quoque
585 3053 617 3119 in
653 3054 874 3122 Romanorum
891 3071 1009 3140 potesta*
1043 3106 1046 3139 ÷

115 3182 178 3235 tem
205 3167 321 3235 redacti
347 3183 435 3235 sunt.
479 3171 590 3248 Atque
614 3170 762 3241 intanta
787 3191 921 3238 casuum
943 3185 1020 3245 caua

110 3284 361 3367 versionumque
390 3278 559 3365 varietate,
583 3284 714 3352 caeteris
737 3287 939 3370 jacentibus,
957 3278 1020 3381 suli,¹

105 3392 320 3467 Athenienses
357 3411 438 3465 stare
462 3398 677 3472 videbantur:
710 3399 729 3465 b
764 3399 1030 3477 Macedonibua,'

108 3511 180 3579 aliis
196 3514 326 3581 Graecis
343 3511 495 3597 regibus,
510 3512 667 3580 Romanis
684 3514 889 3599 principibus
906 3520 938 3584 in
952 3532 1004 3597 rep·
1028 3566 1046 3597 ·,

107 3608 212 3708 uiris,
244 3645 277 3693 et
311 3626 526 3709 Caesaribus,
558 3632 730 3711 praecipuo
756 3650 882 3717 semper
905 3634 1012 3713 bonor,

104 3761 141 3809 ac
169 3741 625 3826 dignationeafficiebantur,
654 3744 770 3812 veteris
795 3767 869 3815 cum
894 3726 1007 3815 venun

105 3872 175 3933 tum
204 3856 367 3922 doctrinae
393 3876 518 3923 caussa.
551 3860 659 3938 Atque
682 3860 744 3941 ipsi
762 3881 797 3928 se
813 3864 854 3929 ad
869 3858 1009 3950 majorum

108 3948 240 4057 gloriam
258 3970 443 4052 erigebant,
464 3972 579 4037 horum
599 3974 749 4039 victorias
765 3993 796 4042 et
812 3979 924 4045 heroes
943 3977 1011 4046 eeb-

109 4084 264 4172 brabant,
294 4084 499 4173 Miltiadem,
526 4088 556 4155 T
558 4088 800 4177 hemistocletn,
831 4094 1039 4163 Cimonem.

987 4218 1019 4276 bi
