2362 4936
178 564 540 655 ubcnnnsltnnn
562 571 849 664 nocrusmnn.
925 610 994 691 αις

103 773 163 843 lint.
182 773 536 872 camaracenorum
552 771 818 870 anteasuerupt,
836 779 885 847 sic
902 789 995 867 posta

103 911 130 958 aa
149 906 248 971 erunt,
269 890 311 955 de
335 872 428 952 libris
455 885 489 953 in
506 887 569 953 hoc
586 887 764 957 Literarum
783 910 917 980 genere,
938 889 993 970 vel

97 1004 190 1095 ioris,
205 1004 254 1069 rel
266 1000 414 1083 antiquis
431 999 539 1067 denuo
556 1002 662 1069 editis.
697 1003 818 1072 Harum
838 1015 927 1078 nune·
944 1015 995 1082 lo·

96 1138 149 1187 tum
165 1115 337 1202 occupant
358 1115 581 1202 argumentum
601 1098 734 1203 amma
755 1131 854 1205 sene,
878 1094 933 1193 sed
949 1129 995 1194 le·

95 1250 194 1304 tmrum
212 1231 378 1301 desideriis
401 1249 616 1316 concessum,
638 1233 851 1320 flagitentium
871 1256 906 1306 ut
925 1262 997 1324 per.

95 1366 237 1436 quimus,
261 1350 355 1432 quod
377 1363 483 1430 nuper
506 1344 771 1431 inchoassemus,
795 1353 865 1436 ejus
888 1378 998 1437 mvsa·

94 1474 139 1544 sla
150 1462 301 1532 tractandi
318 1463 473 1528 rationem
491 1464 670 1530 ostendere.
701 1460 870 1533 Anccdota
886 1487 999 1551 quam.

98 1596 172 1667 qun
184 1582 342 1649 dicuntur
354 1579 483 1659 omnia,
503 1584 584 1660 quae
598 1573 702 1645 adhuc
715 1573 997 1671 ineditliuertnt,

96 1696 185 1766 inhia
202 1680 233 1764 e't
252 1678 422 1763 Censurae
440 1707 472 1758 et
488 1693 603 1759 caeteri
621 1692 726 1760 nostri
745 1694 869 1776 libelli,
892 1676 998 1765 tamen

97 1812 205 1895 pmprie
231 1810 448 1893 intelligimus
483 1826 557 1875 cum
587 1807 807 1891 Antiquorum
835 1811 939 1879 libros
963 1826 998 1878 et

98 1917 174 1991 lotos
188 1927 246 1994 boc
263 1931 370 2008 usque
386 1929 423 1995 td
439 1925 713 2012 tempus'ln··soill
723 1927 898 1996 'codicibus
915 1928 998 1995 scri·

99 2040 151 2124 ptis
164 2058 328 2111 senatos:
353 2058 423 2111 tum
451 2043 681 2112 Recentiorum
709 2048 831 2126 scripta
851 2046 998 2111 nondum

98 2159 198 2227 uuus
222 2160 365 2245 vunan.
419 2161 472 2228 nx
495 2160 553 2227 nro
569 2178 691 2247 :penus
712 2158 893 2229 muudus
923 2138 1001 2227 unu

99 2269 168 2373 lium
185 2275 262 2342 duas
281 2274 535 2343 Dissertationes
551 2261 726 2359 alsasense,
740 2275 859 2365 ‚Stoici
880 2275 1002 2357 nobilia

100 2387 285 2477 Plilosopbis
306 2394 345 2459 de
361 2411 430 2474 quo
446 2393 695 2460 Nieuwlandius
712 2391 873 2474 quondam
889 2406 1001 2460 noster
1116 2368 1120 2373 ¹

103 2504 229 2575 dbsuuit
243 2511 341 2577 docta
354 2508 595 2598 disputatione,
605 2509 641 2577 l
657 2509 754 2575 nobis
770 2524 1002 2575 commemora·
1147 2583 1148 2587 Ἰ

103 2634 128 2691 o
143 2624 352 2696 bibliothecae
366 2626 509 2694 criticie
523 2624 615 2692 Parte
638 2624 731 2693 Vlli.
799 2656 803 2663 ·

135 2740 181 2808 Sic
209 2742 312 2829 igitur
342 2741 459 2825 prioris
484 2741 627 2810 nominis
660 2728 943 2835 professionisque
971 2741 1005 2805 ei

104 2859 221 2929 uinculis
243 2850 373 2941 soluti,
395 2874 427 2925 et
451 2865 546 2927 onere
568 2858 689 2941 leiati,
708 2860 749 2925 ad
773 2856 836 2928 boe
859 2876 1002 2939 munus,

108 2990 138 3041 rt
153 2976 271 3045 selim
297 2973 562 3058 expeditiusque,
586 2975 706 3039 alacres
728 2972 922 3060 iccedimus.
965 2969 1004 3036 In

109 3108 163 3173 quo
176 3094 229 3161 etsi
239 3092 288 3161 nil
305 3090 385 3158 certi
401 3088 641 3175 promittimusr
668 3086 852 3154 libellorum
866 3087 1006 3155 edendo-

104 3227 161 3275 rum
173 3227 224 3277 nst
241 3214 436 3287 numerum,
457 3224 515 3273 ner
530 3204 685 3287 modum,
707 3208 766 3272 nec
782 3209 908 3286 'tempus
926 3199 1007 3267 defi·

100 3323 209 3410 uiuum
225 3341 333 3393 tamen
346 3339 536 3406 speramus,
550 3321 706 3401 lectores,
722 3336 785 3401 qua
801 3312 1009 3405 fueruntad·

97 3444 151 3517 lut
162 3466 232 3534 erqo
248 3465 314 3516 eos
332 3446 500 3512 voluntate
518 3453 550 3507 et
563 3440 785 3519 humanitate,
806 3438 913 3504 eadem
930 3453 1008 3518 por·

94 3578 128 3633 so
140 3560 291 3644 futuros,
304 3573 349 3626 -et
366 3558 449 3624 banc
465 3568 607 3623 nostram
626 3571 780 3638 operam,
795 3551 921 3634 qualem
931 3566 1008 3617 -esna

91 3694 223 3765 esuque
238 3675 433 3755 afferemus,
454 3685 542 3759 prate
566 3671 777 3752 studioseque
798 3681 1008 3751 accepturos.

86 3790 205 3879 &lipsi
226 3790 310 3861 ruri.
333 3788 370 3857 d.
393 3792 464 3856 xxx
484 3784 631 3873 Augusti
658 3784 715 3859 Δί·
736 3775 959 3855 ΜΒΟΟΟΙΧ.
