2362 4936
289 532 552 611 nuaenoms
579 534 851 613 teutonum.
922 550 928 559 ·
979 562 1046 639 us

70 728 104 786 .’
141 744 211 810 trae,
225 745 282 811 qut
295 724 438 794 Animus
457 736 598 790 constat.
644 723 763 807 Neque
784 739 892 795 tamen
921 731 970 799 vel
990 735 1039 803 sie

138 857 195 911 tote
205 842 352 927 cogitatio
372 842 526 908 efficitur.
576 840 662 915 Nam
681 843 855 927 requiritur
871 861 908 910 ut
924 866 1037 918 omnes

128 959 315 1043 cogitationis
326 972 436 1041 partes
447 957 486 1022 ab
498 960 563 1024 nul
581 957 692 1041 aliqua
707 974 798 1041 purte
814 962 1030 1049 colligantur,

118 1078 368 1161 conjungantur,
389 1088 423 1141 et
436 1074 481 1142 ita
495 1078 535 1143 ad
552 1089 653 1143 totam
670 1077 897 1160 cogitationem
910 1096 1035 1146 coustr-

116 1208 249 1265 tutntut.
281 1198 370 1265 lltec
385 1208 492 1265 autem
509 1216 584 1282 pars
597 1198 761 1283 ejusmodi
771 1197 864 1265 debet
878 1220 973 1281 esse,
994 1214 1033 1266 ut

112 1313 214 1381 nullan
237 1312 352 1379 hebent
368 1314 441 1398 insa
458 1330 588 1398 partes,
611 1327 709 1398 atque
724 1316 802 1382 adeo
817 1315 954 1399 simplex
974 1316 1030 1386 sit.

109 1426 203 1514 Qun
214 1427 362 1513 prolecto
378 1449 453 1514 pars
470 1431 542 1515 ipse
555 1445 607 1498 est
626 1431 785 1498 Animus:
808 1437 910 1512 elque
924 1448 1030 1514 teper-

111 1553 171 1629 ti,
182 1550 303 1617 unuln
320 1552 469 1633 partibus
483 1552 563 1619 adeo
580 1568 648 1620 non
659 1570 750 1637 opus
764 1551 848 1637 erit,
863 1567 901 1619 ut
916 1552 1030 1638 potius

102 1664 393 1748 dntenequant.
838 1694 842 1703 ¹

156 1784 529 1853 usuum-conserentis
553 1799 624 1853 tota
648 1805 714 1854 non
731 1788 890 1856 constitui
914 1799 1027 1871 potest

121 1918 161 1966 ex
174 1899 327 1983 pambus,
350 1918 434 1985 quae
458 1901 626 1986 separatim
645 1905 828 1977 exsistunt,
850 1903 896 1969 ita
918 1919 956 1969 ut
982 1920 1025 1969 ex

70 2038 73 2049 ’
125 2015 219 2083 multis
241 2017 392 2085 obscuris
408 2018 501 2098 quusi
519 2018 764 2085 conscientiolis
786 2018 881 2085 unica
899 2019 1021 2101 integre
1133 2020 1137 2027 ’

127 2131 311 2218 tummque
326 2135 548 2201 constituatur
566 2135 777 2202 conscientia.
822 2132 940 2216 Neque
953 2134 1017 2198 hoc

136 2249 215 2330 magis
226 2248 286 2315 leti
303 2264 418 2334 potest
442 2270 479 2317 nc
497 2268 530 2318 v.
554 2269 586 2319 c.
610 2269 649 2316 ex
664 2251 776 2317 multis
792 2247 944 2316 obscuris
960 2266 1021 2312 no·

141 2361 251 2431 tionibus
272 2385 331 2433 una
362 2385 463 2448 etque
488 2369 573 2435 elata
598 2367 768 2453 componi.
820 2366 901 2437 Vid.
934 2366 1018 2436 idem

143 2473 372 2568 linteolum,
393 2506 430 2571 p.
448 2504 527 2573 215.

465 2721 499 2804 S.
541 2716 639 2791 vtt.

241 2953 353 3039 Neque
374 2962 461 3017 motu
482 2954 638 3039 cogitatio
657 2953 734 3040 effici
749 2966 867 3042 potest.

84 3161 93 3207 '³
168 3174 238 3265 Quor
250 3187 278 3253 si
295 3186 372 3270 quis
389 3186 557 3270 expositae
578 3183 863 3257 demonstrationis
879 3187 1017 3257 efficien-

70 3276 92 3419 ’ᾗ
138 3287 185 3359 itu
198 3297 232 3366 in
246 3299 473 3386 subterfugere
489 3315 645 3385 conetur,
668 3317 706 3368 ut
722 3305 919 3386 contendat,
942 3323 1011 3373 non

70 3510 92 3559 π
134 3533 301 3609 itransitum:
322 3550 356 3600 et
369 3532 552 3600 vrnetatem
571 3534 805 3616 cogitationum
822 3551 890 3599 non
905 3551 943 3600 ex
960 3552 1026 3600 vti-¹

133 3637 377 3735 n'titteligurarum
392 3665 425 3715 et
439 3648 666 3716 collocationis
681 3647 818 3729 partium
835 3646 933 3730 oriri,
950 3649 1008 3715 sod

135 3769 160 3819 Β
173 3765 297 3832 tenuate
323 3778 498 3845 motuum3
524 3764 552 3829 is
574 3762 675 3846 sciat,
692 3779 728 3830 se
744 3764 779 3829 in
796 3764 933 3833 eamdem
953 3783 1011 3829 su·

70 4104 90 4169 i*
157 4104 178 4173 l.
198 4114 285 4181 llctio
303 4112 474 4198 cogitandi
490 4130 557 4180 non
570 4110 719 4195 aliunde,
741 4130 835 4195 quam
853 4128 893 4177 ex
910 4109 944 4176 vi
960 4127 1017 4173 co·

602 4229 620 4296 l
639 4252 662 4317 4
970 4221 1019 4310 gi·
