2362 4936
134 565 299 722 'qe
483 595 859 678 natsroan

207 802 302 878 mus,
325 791 367 861 in
384 772 537 877 quinem,
563 787 671 872 quiin
693 784 964 855 memorantibus
987 787 1135 864 sacratu

206 901 390 993 consignati
408 920 498 974 sunt.

210 1096 215 1105 ,
246 1021 423 1106 Sequitur,
447 1035 484 1086 ut
498 1020 538 1087 de
552 1019 592 1088 iis
610 1020 756 1087 dicamus
772 1019 958 1087 emendandi
977 1021 1141 1105 interpre-

206 1139 365 1219 tandique
381 1136 553 1218 fontibus,
568 1135 627 1218 qui
644 1151 732 1203 extra
749 1135 923 1204 Auctorem
940 1153 981 1201 ex
998 1137 1140 1206 aliorum

163 1316 166 1345 ζ
203 1254 345 1323 lectione
359 1252 562 1334 Scriptorum
579 1252 844 1334 proficiscuntur.
876 1253 983 1334 Igitur
996 1253 1140 1321 aliorum

208 1368 412 1452 Scriptorum
428 1367 588 1450 triplicem
608 1386 780 1450 sequemur
796 1368 1078 1451 distributionem
1101 1385 1139 1436 ut

206 1501 266 1554 eos
283 1496 464 1566 spectemus
482 1484 620 1565 primurn
637 1489 811 1566 universa,
833 1484 946 1550 deinde
957 1479 1141 1571 peculiari·

205 1610 262 1666 ser
276 1599 311 1665 in
335 1597 459 1680 duplici
481 1610 600 1679 aetatc;
624 1598 720 1664 altera
736 1616 873 1678 eorum,
896 1599 954 1681 qui
974 1614 1051 1682 post
1069 1601 1143 1664 An·

205 1728 350 1796 ctorem,
372 1714 470 1779 altera
486 1731 618 1794 eorum,
645 1713 791 1795 quiante
806 1731 878 1778 eum
897 1711 1043 1780 fuerunt,
1080 1716 1143 1779 At·

208 1853 274 1920 que
288 1848 379 1902 totus
397 1834 451 1900 hic
471 1835 586 1914 locus,
602 1834 751 1916 quamvis
770 1835 832 1900 late
848 1846 987 1916 patens,
1010 1851 1141 1901 omnem

206 1951 416 2031 antiquorum
446 1945 644 2015 Graecorum
678 1946 940 2028 Latinorumque
973 1945 1143 2014 rcimtiln

207 2080 490 2137 monumentorum
514 2066 753 2149 complectens,
776 2080 862 2131 nunc
889 2062 979 2129 brevi
996 2064 1144 2130 admoui·

206 2187 300 2255 tione
317 2198 492 2255 contentus
510 2186 584 2254 erit.-
694 2244 697 2251 .

251 2295 298 2367 Et
313 2300 418 2384 primo
435 2299 589 2383 quidem,
602 2300 659 2383 qui
677 2300 841 2368 Platonem
860 2315 933 2364 cum
948 2283 1057 2366 fructu
1074 2313 1151 2382 per·

200 2413 313 2502 vlegere
325 2416 425 2497 velit,
442 2433 538 2483 nemo
556 2417 595 2483 ad
611 2413 841 2497 eumaceedit,
862 2413 926 2480 nisi
948 2413 1041 2479 lectis
1068 2410 1150 2496 po'e‘·

211 2533 280 2619 tis,
308 2532 471 2611 Homero,
498 2529 667 2610 Hesiodo,
689 2531 848 2608 Pindaro,
872 2527 1047 2611 Tragicls,
1067 2528 1147 2593 Ari·

212 2650 395 2732 stophane,
417 2661 449 2711 et
467 2665 510 2711 ex
527 2661 643 2727 prosae
663 2642 819 2709 orationis
843 2643 1060 2727 scriptoribus
1079 2662 1151 2709 cer·

210 2778 244 2830 te
266 2761 496 2845 Xenophonte,
539 2757 645 2825 Lecto
667 2760 795 2824 demum
820 2757 975 2839 Platone,
998 2757 1148 2841 reliquos

141 2961 145 2970 ¹
211 2895 324 2969 omnes
339 2889 571 2960 persequeturr
591 2876 627 2941 in
644 2873 772 2958 iisque,
800 2876 929 2941 utitem
950 2877 984 2940 in
1010 2876 1163 2944 putore

210 2994 436 3075 factitarent,
467 2992 587 3075 duplex
610 2992 811 3074 cognitionis
848 3010 951 3076 genus
976 2992 1143 3077 colliget,

212 3117 392 3204 lingueret
412 3135 537 3184 rerum.
583 3117 636 3182 Ad
655 3130 830 3195 utrumque
846 3128 931 3181 rectc
944 3117 1145 3201 perspicies·

216 3232 292 3298 dum
306 3229 469 3298 adhibebit
479 3231 572 3297 etiam
586 3230 796 3297 recentiorum
808 3228 929 3312 libros,
941 3250 1015 3296 cum
1028 3229 1149 3298 Gram-

215 3342 405 3411 maticorum
418 3357 450 3409 et
465 3328 686 3424 Criticorum,
702 3356 772 3410 tum
785 3344 1069 3426 Antiquariorum.
1095 3346 1147 3411 De

211 3453 281 3521 illis
297 3457 390 3539 plura
410 3458 513 3523 dicere
532 3457 578 3524 nil
603 3477 690 3525 nunc
718 3459 848 3527 attinet.
892 3458 942 3526 De
967 3461 1018 3526 his
1041 3479 1145 3530 unum

130 3634 137 3643 ,
209 3571 298 3639 ,satis
312 3573 355 3639 sit
375 3573 561 3656 monuisse,
585 3573 700 3641 borum
720 3574 879 3641 delectum
899 3578 1146 3645 accommodan-

217 3683 295 3749 dum
321 3704 391 3751 esse
413 3686 453 3750 ad
478 3703 663 3770 argumenta
687 3707 745 3770 ea,
770 3708 850 3770 quae
873 3690 988 3772 Plato,
1010 3694 1063 3759 vel
1079 3706 1145 3760 tra·

216 3799 342 3882 ctavit,
364 3804 415 3867 vel
430 3804 548 3887 attigit.
593 3804 697 3888 Igitur
712 3821 743 3871 et
761 3808 868 3873 omnis
886 3808 1020 3874 historia
1035 3822 1148 3879 tenen-

216 3916 357 4005 daest,
389 3932 421 3982 et
445 3917 567 3984 formae
588 3920 783 4004 civitatum,
812 3924 919 4007 leges,
943 3943 1072 4006 mores,
1094 3929 1147 3994 in·

146 4050 151 4058 ·
219 4030 354 4112 stituta,
377 4037 578 4100 consuetudo
592 4037 624 4102 in
639 4038 726 4103 omni
742 4039 826 4104 vitae
840 4059 973 4123 genere,
992 4061 1066 4109 cunr
1083 4062 1148 4127 pu·

218 4141 331 4230 blico,
363 4164 432 4216 tum
458 4151 612 4234 privato:
643 4168 675 4220 et
702 4169 784 4242 artes
810 4175 836 4251 a
853 4154 989 4226 Graecis
1015 4162 1152 4251 cultae,

1068 4290 1146 4357 culli
