2362 4936
245 546 254 561 ,
286 514 545 590 pflAEDONIS
567 517 829 604 PLATONICI.
893 604 896 609 ,
961 557 1018 616 tat

83 740 86 776 i
145 705 337 790 iisputnionis
362 705 520 777 consilio.
581 681 666 775 &unt
693 728 769 778 vero
797 729 940 796 quatuor
960 723 1028 793 loci

83 840 87 885 :
140 819 181 883 ubi
193 820 270 887 Pisto
284 821 370 889 hunc
390 819 484 900 quasi
503 819 643 903 fingendi
661 841 807 906 campum
836 846 972 915 nactus,
992 837 1028 907 in

83 967 86 984 ·
137 953 165 1003 uo
179 936 325 1017 excurrit,
346 953 488 1016 eumque
505 937 633 1017 poetica
648 936 956 1016 facultateeuornat.
990 922 1040 1023 In'

134 1050 265 1134 Phaedro,
289 1051 483 1133 Phaedone,
506 1051 651 1138 Gorgia,
675 1069 707 1120 et
723 1056 846 1127 decimo
862 1062 901 1128 de
917 1052 1043 1149 Repu-J

134 1164 205 1237 biti.
245 1164 318 1233 Nec
334 1184 414 1232 vero
434 1166 512 1233 mihi
528 1164 602 1247 quis
620 1165 771 1250 objiciat,
789 1168 951 1241 Platonem
967 1175 1025 1243 has

132 1280 296 1351 notiones
327 1300 398 1350 oon
417 1295 453 1348 ut
471 1280 621 1362 fabulas,
643 1283 699 1349 sed
717 1298 754 1384 ut
771 1302 860 1357 veras
882 1305 954 1369 res,
977 1310 1027 1363 re.

130 1400 240 1481 uisse3
263 1399 389 1484 quippe
412 1397 519 1480 ipsum
540 1397 574 1465 in
590 1395 715 1482 Gorgia
746 1419 781 1481 p.
808 1408 892 1485 gru:
910 1402 960 1495 Β,
991 1420 1024 1474 et

131 1513 393 1603 Rep.X.p,518.
413 1512 461 1593 F,
480 1512 537 1580 has
553 1513 749 1585 narrationes
767 1515 865 1582 ordiri
883 1517 1023 1606 eJ'usmo.

131 1630 308 1710 iiintroitu,
331 1647 401 1712 quo
420 1627 527 1707 dicat,
549 1646 665 1695 senon
682 1626 822 1695 fabulam
839 1632 895 1697 sed
912 1651 1022 1706 verunt

129 1749 226 1819 nferre.
269 1749 356 1815 Nam
372 1746 480 1832 primo
499 1746 651 1828 quidem,
668 1747 743 1814 haec
760 1766 826 1817 non
844 1750 949 1834 serio,
966 1739 1027 1821 sed*
1071 1770 1074 1777 ·

130 1864 322 1931 assentiet
343 1863 449 1933 ironia
475 1862 561 1934 dicta
576 1879 667 1944 esse,
692 1861 787 1933 facile
804 1863 912 1946 quivis
937 1886 1022 1935 tinus

131 1977 903 2065 touaiienusiPlatonisconsuetudineiutelligit.
926 1983 1026 2054 Dein.

133 2095 197 2164 teir
210 2100 242 2166 ti
257 2096 441 2167 narratione
457 2094 496 2167 de
519 2093 703 2179 regionibus
722 2097 807 2180 apud
826 2096 968 2193 Superos
992 2113 1025 2171 et

137 2206 252 2295 luitros,
272 2231 354 2296 quae
375 2227 425 2278 est
442 2212 475 2278 in
500 2210 563 2277 fine
583 2209 785 2292 Phaedonis,
807 2211 955 2282 Socrates
973 2215 1023 2287 di·

138 2339 196 2392 tene
209 2327 393 2410 pronunciat
410 2345 444 2408 p.
460 2344 537 2406 401.
560 2325 604 2392 A.
652 2369 673 2407 „
694 2325 822 2416 Statum
847 2346 922 2393 nero
940 2326 1029 2399 Ani·

137 2444 243 2530 nipast
263 2458 395 2514 mortem
415 2464 449 2508 co
473 2440 562 2510 modo
588 2460 620 2505 ss
643 2460 679 2506 re
702 2441 785 2508 nard
800 2442 938 2524 habers,
961 2466 1041 2532 quo.

135 2580 173 2648 ega
187 2569 317 2633 srasraui
326 2613 338 2646 ‚
364 2537 532 2629 trondem
550 2563 714 2648 affirmare
731 2567 957 2629 ratiocinantis
976 2569 1025 2634 si·

134 2698 202 2744 run:
219 2702 285 2749 eunt
305 2695 414 2747 autem
431 2679 595 2751 salsulam
611 2681 665 2747 sel
686 2678 820 2744 similem
846 2679 960 2747 debers
977 2702 1023 2751 es·
1129 2659 1132 2663 Ι

134 2811 168 2877 u,
184 2797 430 2885 quondoquidem
450 2797 563 2869 Animi
579 2796 683 2859 nostri
705 2792 906 2864 Isumortales
933 2804 1019 2880 sint,

134 2908 256 2979 wicco
273 2929 305 2979 et
329 2899 495 2999 affirrnarr
512 2928 543 2977 et
568 2914 642 2981 huic
665 2915 867 3000 persuasioni
876 2907 1021 2992 fidcrc.”

135 3019 212 3107 Quare
229 3029 417 3106 videamus,
440 3027 519 3108 quid
538 3026 571 3093 in
596 3027 646 3091 his
665 3025 785 3092 fabulis
803 3029 905 3110 insit,
928 3033 1017 3113 quod

133 3134 183 3218 ipse
193 3142 273 3210 Plato
291 3143 430 3226 probare
456 3142 619 3225 potuerit,
643 3158 676 3209 et
694 3161 768 3209 cum
786 3147 855 3231 ejus
872 3145 1022 3217 Philoso-

132 3254 197 3336 ntiae
211 3260 370 3326 sententis
389 3259 571 3330 conveniat.
949 3336 952 3343 Ι

159 3373 199 3442 Ex
208 3375 330 3462 Gorgia
346 3375 446 3458 igitur
464 3375 538 3440 haec
556 3391 651 3447 sunt:
678 3422 699 3459 „
716 3377 831 3444 Anima
846 3392 922 3461 post
935 3400 1020 3449 ntor·

120 3494 214 3561 unat
236 3493 363 3566 inferos
389 3492 497 3557 abiens
514 3492 676 3575 judicatur
693 3495 796 3574 nuda,
820 3509 856 3560 ut
876 3499 922 3565 nil
937 3517 1016 3582 pos·

125 3608 303 3690 titiupedire
321 3609 496 3693 quominus
516 3626 583 3672 eant
592 3609 717 3692 judices
733 3609 867 3681 interius
883 3613 1016 3697 inspici.

123 3737 172 3789 tut.
196 3721 278 3789 Nam
296 3720 429 3795 Animae
443 3721 461 3784 a
477 3719 652 3790 sceleribus
667 3722 701 3786 in
717 3721 774 3793 hac
792 3722 856 3796 viti
869 3729 1020 3820 contusisg
1049 3730 1052 3735 ’

120 3832 156 3900 rit
168 3840 263 3903 ulcera
279 3851 310 3900 et
327 3834 448 3901 vibices
466 3833 672 3906 contrahunt.
712 3835 865 3921 Juiices,
890 3861 1017 3926 perspe.

109 3957 304 4021 mulserunt
321 3951 463 4031 ratione,
483 3951 631 4033 judicant
649 3968 753 4019 utrum
773 3956 839 4022 sint
856 3959 1015 4027 sanabiles

102 4070 228 4149 Animae
244 4087 304 4145 uec
318 4086 372 4144 tte.
418 4067 581 4143 Stuabilcs
598 4069 804 4153 corriguntur
825 4093 861 4143 ac
876 4093 1018 4173 purgaq.
