2362 4936
629 334 636 347 1

185 674 272 754 un
321 678 656 754 nurture
706 682 837 759 unt
909 662 981 773 451*

68 862 86 935 'e
109 866 287 939 Mmaudri
313 865 554 953 Hierosolymas
577 870 736 953 aduentu,
758 870 821 938 tale
839 884 912 955 cat,
936 851 976 953 ut

68 980 143 1067 tclle
169 995 345 1066 appareat,
367 962 585 1064 illud'lictum
612 1003 681 1054 esse
707 985 894 1070 aJudacis,
918 987 976 1070 qul

68 1074 231 1183 traiectum
249 1097 551 1182 ignorationemque
575 1098 626 1165 sui
641 1117 731 1184 aegre
748 1098 880 1170 ferrent.
922 1104 975 1181 De

68 1186 293 1298 sicquidem,
327 1231 400 1280 cum
430 1213 513 1280 inter
537 1230 650 1280 omnes
668 1188 817 1298 constat,
839 1215 898 1300 qui
923 1235 973 1309 re

68 1312 105 1393 ie
123 1328 315 1395 historicam
341 1328 434 1394 fidem
457 1328 646 1412 aestimant;
668 1342 737 1394 turn
763 1346 802 1411 ne
818 1330 910 1412 plura
923 1331 974 1398 di,

68 1430 145 1523 itm,
171 1440 252 1509 iacit
274 1441 439 1525 diligentia
462 1441 525 1510 uiri
551 1442 840 1526 praestantissimi,
868 1444 974 1512 Baro*
1031 1426 1033 1431 ¹

68 1560 109 1651 ’l‘
126 1553 166 1621 do
182 1554 240 1633 Su
253 1554 375 1638 Crolx,
398 1555 453 1638 qul
473 1569 572 1638 totam
590 1574 653 1623 rem
672 1555 840 1641 diligenter
853 1573 884 1625 et
899 1580 976 1651 acu.

68 1668 256 1755 carposult
271 1669 425 1753 peculiari
439 1671 676 1739 Dissertatione
692 1669 818 1739 Gallice
833 1674 974 1775 scripta,
1088 1703 1090 1709 ¹

68 1776 209 1857 boman
234 1782 384 1872 critique
406 1784 459 1850 des
483 1785 666 1856 Historiam
696 1786 922 1869 d'Alcxandrc
944 1789 976 1873 la

68 1900 192 1995 j's’rand.
213 1918 246 1985 p.
265 1901 323 1968 68.
346 1912 460 1983 etseq.
478 1914 510 1967 et
525 1917 594 1973 not.
612 1923 691 1986 anu,

68 2012 70 2017 ’
99 2014 221 2087 Mirum
237 2015 333 2096 aliis,
359 2014 488 2101 Judaels
506 2034 572 2084 non
592 2017 778 2100 ferendum,
799 2019 899 2087 videri
913 2021 972 2089 dee

68 2132 148 2219 ruit,
184 2131 309 2200 nullam
336 2147 446 2196 eorum
477 2133 668 2201 mentionem
704 2131 821 2201 factam
852 2154 922 2203 esse
954 2155 974 2204 a

68 2245 281 2333 icriptoribus
305 2261 407 2310 rerum
432 2244 625 2331 Alexandri3
655 2264 730 2328 cum
762 2262 974 2330 memorentua

68 2350 191 2453 Quinte,
215 2359 338 2443 Aspil,
360 2360 474 2442 Malli,
496 2360 670 2447 Sabracae,
692 2362 882 2448 Arachosii,
903 2365 975 2431 bar·

68 2498 132 2563 utra
144 2494 177 2547 ct
190 2475 335 2558 inaudita
350 2475 491 2543 nomina.
514 2478 560 2541 At
572 2476 684 2561 Judaei
700 2497 735 2545 se
749 2496 865 2563 sponte
880 2482 977 2551 Alex.

68 2589 157 2717 [κιο
179 2595 409 2682 subjecerunt,
439 2606 476 2660 ut
499 2593 590 2662 nulla
613 2594 648 2662 vl
682 2615 841 2664 armorum
869 2599 980 2665 adver·

68 2708 115 2787 ἡ
130 2733 188 2784 eos
204 2726 367 2794 uteretur3
390 2728 496 2794 neque
515 2710 638 2794 aliquid
655 2728 783 2798 ageret,
806 2713 894 2796 quod
912 2732 979 2782 me·

68 2831 245 2901 mumdum
263 2826 422 2894 videretur
438 2824 688 2908 scriptoribus?
719 2828 763 2892 At
780 2826 872 2908 iidem
889 2826 979 2894 Scri·

68 2934 169 3015 {tores
191 2945 233 3013 dc
259 2943 301 3011 ils
328 2942 423 3010 ctiam
448 2943 599 3028 gentibus
632 2943 863 3027 prodiderunt,
897 2964 979 3027 quac

68 3054 182 3147 ¹potue
202 3078 238 3143 pc
262 3058 327 3143 regi
354 3059 527 3142 dederunt,
558 3077 663 3141 neque
695 3078 800 3126 earum
826 3061 976 3159 ingenia,

68 3192 191 3258 notes,
209 3192 258 3241 res
282 3172 455 3256 publicas,
477 3171 608 3240 silentio
626 3174 869 3257 praeterierunt.
914 3171 980 3241 Vct·
1058 3189 1063 3201 ·

68 3306 131 3381 nm
154 3302 243 3358 ato:
268 3289 304 3354 in
328 3286 474 3354 historiis
498 3304 601 3352 rerum
623 3286 795 3354 Alexandri
820 3304 886 3364 pon
913 3303 980 3353 mae

68 3422 198 3493 mopere
221 3406 317 3473 locus
342 3402 440 3470 luerit
461 3400 609 3490 Judaeisa
639 3402 755 3468 habuit
783 3416 910 3484 tamen,
939 3415 980 3469 ut

68 3527 157 3595 nodo
171 3522 335 3604 diximus,
358 3520 488 3588 militiae
506 3520 618 3587 socios
643 3518 759 3586 doctos
784 3516 928 3585 homines
946 3532 980 3586 et

68 3620 277 3724 *llilosopltos
299 3638 386 3703 haud
413 3654 558 3719 paucos;
581 3653 684 3717 neque
708 3646 813 3700 tamen
838 3634 889 3698 vel
915 3631 982 3717 ipsi

68 3744 182 3843 naun
210 3755 250 3822 de
269 3751 400 3838 Judaels
425 3752 594 3819 memoriae
618 3751 846 3835 prodiderunt3
877 3746 984 3833 neque

68 3888 131 3945 unt
165 3848 369 3955 Aristotele,
403 3869 516 3934 aliisve
540 3869 609 3953 ejus
635 3866 746 3934 aetatis
768 3866 981 3949 Philosophis

68 3987 317 4063 ommunicassc
334 3984 495 4053 videntur.
541 3983 586 4049 Et
608 3983 864 4066 quandoquidem
882 3982 981 4064 huJ'us

68 4106 237 4181 uttcntiae
256 4105 382 4170 firmum
393 4103 545 4170 habemus
557 4116 776 4187 argumentum
791 4103 877 4185 hoc,
893 4098 983 4184 quod

68 4224 225 4319 ueprius
247 4220 315 4300 veti
338 4220 471 4308 sanique
484 4219 607 4289 adferre
620 4221 668 4288 nil
684 4219 814 4312 potuit,
836 4236 910 4295 cum
928 4216 984 4281 dea

528 4337 637 4443 θός
892 4350 987 4415 urolt·
