2362 4936
137 121 203 193 tia
299 116 898 192 PROTREPTICUS.

142 310 322 390 dederunt,
343 322 445 375 novas
469 306 559 373 sedes
585 306 834 389 quaesiveruute
855 307 963 391 primo
978 308 1055 383 Cor·
1100 290 1177 369 *ἃ

142 424 244 495 sicam
261 422 398 491 insolam
418 434 641 505 occuparunta
664 422 741 489 hinc
757 421 1049 510 acartnagmiensi·
1099 428 1130 479 ff

143 538 209 605 lius
225 534 336 621 puisi,
353 553 387 602 ιιι
402 533 526 602 Galliae
542 553 628 602 oram
643 535 762 619 deiati,
777 539 816 604 ad
834 536 984 608 Rhodani
998 540 1044 611 m·

142 653 191 723 aii
207 654 328 720 ostium
346 650 554 717 clarissimam
574 651 683 719 urbem
702 649 885 721 Massiliam
916 655 1044 725 eomlu·
1114 668 1120 679 ·
1143 672 1153 685 ’

144 779 242 833 suntt
265 782 304 830 ex
320 782 420 846 euque
440 783 514 830 cum
538 763 652 831 bellica
674 764 829 850 scientia,
852 780 923 835 tum
945 768 1044 839 Graeca
1103 782 1108 793 '
1148 756 1156 779 ¹

142 879 361 959 humanitate,
383 879 418 944 in
442 878 645 961 propinquas
666 892 765 945 terras
786 883 1045 969 mariaquedomi·
1072 963 1073 966 Ἴ
1111 880 1180 947 ῖς*

144 998 234 1079 nati,
256 1014 297 1063 ne
313 1014 400 1063 nunc
423 996 551 1078 quidem
571 995 766 1067 defecerunt.
810 998 929 1069 Paucis
947 1016 1062 1095 poattr⁸
1124 1025 1132 1030 ··

149 1113 264 1194 anuis,
289 1110 391 1177 Xerxe
406 1106 572 1175 Persarum
590 1130 661 1195 rege
683 1111 784 1197 ipsam
804 1110 972 1187 Graeciam
993 1116 1048 1187 ini·
1105 1136 1144 1187 ε
1160 1134 1176 1145 ·

147 1230 230 1299 uitis
255 1245 328 1293 eum
355 1227 459 1310 copiis
486 1241 567 1292 terra
590 1229 734 1311 marique
758 1230 949 1315 invadente,
968 1234 1050 1300 Atia·
1139 1267 1181 1290 --ι

150 1345 300 1425 ruienses,
324 1342 464 1409 consilio
481 1342 735 1427 Themistoclis,
756 1364 858 1413 naves
878 1350 1052 1417 consuendo·

149 1474 253 1540 runt‚
274 1458 410 1541 patriam
437 1456 591 1523 hostibus
618 1460 801 1525 vastandam
830 1459 1051 1529 incendendum·
1133 1452 1164 1491 ‘²

149 1592 216 1659 que
238 1573 459 1657 reliquerunt,
481 1574 608 1639 eosdem
624 1573 774 1641 hostes&
794 1574 925 1643 Gnosia
940 1579 1054 1658 repuie·
1144 1609 1146 1612 -
1162 1590 1179 1597 ·

146 1704 249 1773 ιιιιιι,
272 1686 406 1771 patriam
437 1704 687 1770 recuperarunt:
714 1692 804 1770 quod
824 1691 980 1775 inceptum
997 1692 1053 1758 nisi
1100 1696 1171 1755 :a

143 1803 215 1870 illis
238 1802 471 1884 successisset,
494 1801 606 1869 iisdem
625 1802 766 1884 animis,
787 1805 958 1889 manibus,
976 1806 1054 1875 uari·

145 1921 215 1986 bus
231 1916 327 1999 freti,
349 1936 465 1984 nouam
488 1918 551 1983 sibi
578 1918 710 2001 putrium
728 1934 980 2001 comparassent.
1005 1925 1052 1987 nu
1107 1926 1127 1955 ’-

146 2057 211 2123 que
237 2039 377 2105 eamdem
406 2036 490 2101 viam
520 2034 730 2117 expediendae
760 2034 878 2103 salutis
900 2018 1052 2119 ᾶόμιιιίι
1125 2054 1180 2121 „z

148 2156 185 2224 iu
199 2155 296 2219 rebus
314 2154 433 2219 dicitur
447 2149 577 2216 Batavis
604 2152 672 2215 suis
694 2155 875 2220 ostendisse
896 2168 992 2222 stator
1005 2171 1052 2221 na·
1078 2182 1171 2233 s:

146 2269 269 2338 scennis
288 2268 385 2352 hujus
407 2266 487 2348 reip.
510 2264 758 2351 Guiiieimusl,
784 2284 822 2335 ut
845 2271 994 2356 ingratam
1016 2272 1052 2337 si·
1079 2302 1146 2337 2...

146 2398 187 2452 tu
203 2395 315 2455 terrem
336 2380 561 2466 Hispanisque
577 2381 768 2464 potentibus
784 2383 959 2451 obnoxiam
974 2383 1052 2451 relin-
1085 2365 1104 2378 ⁰

147 2511 302 2583 spuentes,
333 2497 366 2564 iu
395 2514 494 2564 naves
519 2516 554 2563 sc
579 2498 778 2582 reciperent,
807 2500 917 2582 iisque
939 2501 1051 2568 fidenter
1076 2503 1181 2548 ν’·

147 2616 300 2684 meliores
317 2613 522 2696 tutioresque
538 2614 629 2681 sedes
648 2633 845 2697 quaererent.
890 2617 954 2685 Sed
969 2630 1052 2702 nequ
1076 2531 1181 2784 ἓ

146 2746 226 2802 tunc
246 2750 332 2815 opus
351 2731 411 2797 illo
436 2728 526 2799 facto
547 2729 635 2798 fuit:
659 2750 764 2815 neque
787 2750 877 2801 nunc
893 2734 953 2803 illo
967 2732 1054 2803 cousi·

142 2843 382 2921 iiolocusest.
781 2865 784 2870 ·

190 2966 287 3035 Tales
305 2966 405 3051 igitur
418 2964 536 3048 patriae
553 2964 747 3032 amissiones
764 2965 941 3051 nouimus,
956 2962 1056 3051 quibu
1079 3040 1086 3063 ,Ι

150 3084 226 3167 quis
241 3100 280 3150 ex
298 3100 333 3148 ea
349 3084 486 3167 migrat,
506 3080 595 3163 ubit,
609 3080 716 3166 fugit:
736 3080 859 3163 quihus
877 3098 982 3149 aurem
998 3077 1058 3163 qui
1089 3086 1131 3120 ⁴⁷
1164 3149 1181 3173 ⁴

147 3199 185 3269 in
212 3218 247 3265 et
276 3215 401 3280 manet,
441 3196 549 3280 uiuit,
579 3213 742 3280 seruatur,
775 3196 986 3282 migrationes
1007 3208 1060 3265 uo!
1096 3192 1118 3223 '¹

149 3314 319 3389 novimus·
362 3315 424 3380 Sed
443 3328 572 3395 nmen,
594 3313 725 3398 inquit,
748 3313 850 3396 patria
868 3318 1008 3383 multum
1022 3326 1068 3381 ou
1086 3358 1142 3429 ,w

147 3430 289 3503 namenti
316 3430 544 3513 commodique
571 3431 700 3511 amisit,
731 3431 820 3513 quod
847 3448 893 3498 ex
923 3424 1063 3519 reguoi!
1086 3414 1173 3553 {l

146 3548 348 3639 provinciam
364 3547 496 3613 alterius
513 3546 601 3629 regni
619 3558 737 3611 mutatu
753 3557 814 3611 est.
848 3546 904 3612 De
917 3550 984 3617 hoe
997 3560 1050 3632 ego
1092 3612 1121 3649 ,ῆι

143 3679 186 3735 nt
201 3682 288 3742 nuuc
307 3676 377 3747 est,
401 3680 468 3731 non
492 3676 623 3734 statuo:
649 3661 731 3733 illud
755 3661 854 3748 seio,
877 3662 969 3751 hoe,
992 3684 1045 3751 p·

1044 3782 1073 3841 r!
1095 3794 1174 3876 gvj
