2362 4936
56 536 177 683 sgr
285 564 306 627 ·'
403 576 778 660 memorerm
862 580 881 607 ³

106 792 267 865 ceptam,
296 774 410 844 tonde
437 795 495 860 per
523 790 629 847 totum
664 775 750 842 vitae
770 792 903 844 cursum
925 769 998 860 quoti

106 897 201 964 diana
218 891 461 974 observatione,
487 907 556 960 tum
581 892 799 960 Historiarum
825 904 858 957 et
879 890 998 958 Phiioto

106 1013 203 1098 phiae
226 1007 519 1092 commentatione,
540 1010 583 1076 ad
598 1024 714 1076 certem
737 1005 852 1094 judicii
877 1005 998 1072 stabilita

110 1141 173 1193 tem
192 1122 465 1191 corroboraverat.
511 1129 627 1206 ltaque
642 1125 684 1189 de
701 1118 827 1206 injuriis
848 1119 914 1185 sibi
936 1119 998 1186 illati

109 1238 237 1326 pltcide
253 1252 287 1304 ct
307 1235 466 1304 scobebat
481 1250 514 1304 et
530 1239 699 1316 narrabat,
721 1249 759 1302 ut
779 1252 862 1318 quae
879 1234 998 1300 divinitu

110 1352 326 1422 accidissatrtt
357 1365 392 1417 et
416 1369 523 1419 eanum
550 1349 741 1420 auctoribus
765 1350 998 1435 ignoscebam

110 1468 170 1552 qui
193 1469 297 1552 magis
316 1465 507 1534 necessitate
540 1465 623 1548 fati,
656 1484 751 1548 quam
783 1483 842 1531 sua
871 1465 998 1531 roluuur

109 1582 283 1649 fecissent.
327 1581 453 1648 Mansit
475 1582 628 1664 deinceps
653 1579 823 1662 Lutetire3
849 1580 966 1664 quippe
977 1596 998 1644 u

108 1696 154 1766 be
170 1699 262 1765 libris
285 1696 533 1776 Literarumque
553 1694 712 1762 subsidiis
733 1694 914 1778 adfluente,
933 1695 998 1760 etde

109 1813 175 1880 etis
189 1810 378 1878 bominibus
393 1809 579 1894 frequentet
593 1809 774 1878 intermissa
791 1812 952 1877 doctrinae
964 1827 998 1875 su

111 1927 165 1994 iiia
181 1924 352 2010 repetivit,
374 1925 418 1991 io·
437 1906 544 2008 iisque
560 1924 733 1992 recentium
753 1927 962 1993 calamitatum
976 1942 998 1988 a<

111 2040 227 2109 latium
253 2054 285 2109 tt
311 2039 493 2124 qutesirit,
520 2055 553 2106 et
578 2040 718 2107 invenit.
765 2040 877 2127 Opera
895 2038 998 2109 uoco

112 2157 158 2242 J.
180 2153 225 2241 J,
247 2134 468 2241 uirtutem}
488 2156 619 2224 duobus
660 2156 887 2223 voluminibus
914 2144 998 2251 'iorm‘a

115 2255 320 2362 octonarius,
335 2279 442 2345 addito
460 2279 601 2365 ejusdem
619 2278 869 2365 Elogt'o,edidit
888 2273 998 2346 Parisiis

112 2390 203 2477 'auno
230 2392 327 2478 Reip.
345 2392 416 2474 Vl,
441 2392 560 2474 idest,
584 2390 873 2460 MDCCXCVilt
896 2390 998 2475 proriu

117 2528 203 2577 enno
224 2508 339 2575 ibidem
357 2508 519 2591 singulare
528 2509 679 2574 volumen
689 2508 830 2592 ejusdem
842 2501 998 2587 formem}

118 2629 265 2713 ontificis
288 2624 531 2710 Rebuspublc'ct's
547 2622 761 2689 Foederatis:
783 2627 913 2692 alteram
929 2619 998 2691 editi

121 2758 193 2805 uem
204 2737 369 2804 Censurae
387 2736 588 2820 Scriptorum
606 2737 657 2802 De
671 2736 783 2805 Rebus
802 2739 969 2807 Alexandri
984 2735 998 2801 i

110 2844 207 2919 ‘anno
224 2848 461 2918 MDCCCth
491 2853 531 2918 de
550 2870 615 2934 qua
640 2858 811 2923 retulimus
829 2853 998 2921 bibliothec

115 2962 262 3036 'Criticae
287 2966 381 3033 Parte
409 2968 482 3048 XI,
512 2981 545 3032 et
578 2983 692 3036 votum
717 2973 780 3039 hoc
817 2968 998 3055 apposuiuu

120 3129 144 3165 „
166 3082 280 3162 ltaque
304 3093 479 3164 optamus,
502 3097 537 3148 ut
562 3084 690 3168 egregio
712 3067 809 3167 ui'ro,
841 3103 922 3169 quae
943 3080 998 3149 adit

112 3190 223 3266 'studii
250 3195 407 3289 intentio,
430 3197 528 3264 animi
553 3200 767 3282 corporisque
794 3201 959 3282 alacritas,
978 3215 998 3263 o¹

120 3315 319 3396 aliarumque
337 3329 441 3378 rerum
461 3312 679 3396 abundantia,
701 3317 741 3382 ad
767 3315 831 3381 hoc
856 3318 896 3382 de
913 3315 998 3382 Aiext

121 3427 169 3492 dci
186 3427 326 3494 historia
345 3445 431 3511 opus
449 3430 648 3512 ornandum,
671 3433 775 3497 eadem
795 3431 825 3498 ei
844 3443 993 3516 suppetit

118 3543 237 3622 ¹librum
255 3545 294 3610 de
309 3541 478 3626 Mysteriis
497 3541 670 3625 Veterum,
694 3565 789 3628 quem
814 3565 903 3615 nuuc
922 3545 998 3614 maxi

120 3650 156 3724 in
176 3657 326 3725 manibus
343 3657 459 3742 babet,
479 3676 564 3724 nova
579 3660 719 3728 editione
735 3662 998 3745 locupletandum

118 3762 426 3858 'frequentandum’
468 3772 567 3860 Quod
592 3773 666 3841 item
692 3795 809 3842 vanum
830 3773 898 3841 fuit
917 3791 996 3845 votu

123 3903 319 3968 quamquam
338 3885 472 3967 reliquit
490 3890 668 3970 exemplum
682 3889 804 3970 primae
817 3892 976 3960 editionis
990 3912 998 3976 ι

41 3983 45 3989 ’
122 4018 200 4069 trum
218 4001 348 4082 lituris,
371 4002 652 4086 correctionibus,
674 4019 706 4068 er
726 4006 976 4092 additionibusa

119 4118 162 4206 pe
177 4117 306 4185 aiteram
333 4116 505 4194 editionem
528 4135 565 4185 se
586 4114 745 4186 facturum
775 4119 958 4202 profitetur
983 4123 998 4190 i

990 4261 998 4308 r
