2362 4936
127 536 186 608 ssa
340 512 768 604 :llls'folall
877 555 889 615 i

127 702 414 789 gustemusquirets
426 716 580 787 togatum
597 688 742 790 'deinde,
762 721 803 773 ne
823 702 904 788 quid
917 703 953 785 in
969 728 1043 795 pss-

130 827 232 894 terum
260 819 509 902 promittamus,
532 838 600 903 quo
623 819 685 885 iste
710 819 830 887 librarii
850 822 951 889 debiti
975 843 1044 894 exa·

124 947 198 1007 ctor
218 951 334 1007 nosen
348 932 419 1015 jure
438 950 566 999 manum
584 949 769 999 consertum
786 955 901 1004 vocare
915 939 1039 1014 audeat.

164 1047 227 1122 Sed
253 1047 421 1132 pergenti,
442 1048 486 1113 mi
510 1046 685 1137 Lyodeoe,
706 1062 857 1133 coeptum
872 1070 958 1134 opus
973 1071 1044 1134 per·

115 1182 227 1250 agere,
252 1165 339 1232 ultro
353 1165 433 1231 milti
448 1164 607 1249 cogitatio
627 1164 782 1247 temporis
798 1164 881 1232 inter
897 1167 996 1253 hujus
1011 1181 1044 1239 et

117 1283 240 1366 primae
256 1280 361 1349 Partis
379 1278 587 1363 scriptionem
605 1277 762 1363 interjecti
778 1279 941 1353 occurrit:
963 1298 1044 1363 quae

116 1396 298 1484 cogitatio,
324 1398 432 1464 tristis
459 1415 499 1462 ne
522 1417 562 1462 an
578 1397 858 1484 jucunda‚7eerte
884 1397 1044 1481 ejusmodi

114 1530 186 1597 cst,
212 1531 248 1579 ut
277 1514 405 1580 silentio
431 1532 496 1579 eam
521 1512 767 1596 praetermittere
793 1513 1044 1596 haudquaquam

111 1630 252 1718 panim.
277 1630 426 1715 Triginta
441 1630 476 1696 hi
501 1643 578 1696 sunt
593 1630 681 1696 anni.
704 1627 759 1692 Tu
778 1630 920 1723 nondum
943 1642 1041 1713 natus

110 1766 192 1814 eras.
239 1746 377 1812 Vivebat
399 1759 493 1828 pater
512 1763 625 1827 meus,
647 1743 789 1812 virorum
807 1743 971 1827 optimust
989 1742 1043 1816 cui

110 1881 179 1935 nott
196 1865 293 1934 modo
310 1866 346 1933 al
364 1864 438 1949 ζῇν,
461 1862 517 1928 sed
543 1860 672 1937 eteberi
688 1864 763 1948 ζῇν,
785 1860 893 1930 debui.
938 1860 1040 1928 Vivo-

112 1981 191 2051 baot
216 1979 307 2049 alteri
331 1997 434 2063 patres
462 1979 549 2060 mei,
570 1976 785 2045 Ruhnkenius
810 1992 842 2042 et
860 1976 1041 2047 Valckena-

112 2098 367 2181 rios‚1quorun
387 2114 425 2164 ex
441 2095 561 2163 lumine
578 2096 686 2161 lumen
704 2092 775 2178 ipse
791 2092 870 2159 mihi
890 2094 1043 2164 accende·

112 2232 190 2282 ruti.
215 2214 308 2298 ligo
326 2213 557 2283 amstelodami
581 2211 712 2290 Literas
735 2227 766 2279 et
793 2211 1043 2297 Philosophiam

112 2331 291 2415 docebam,
315 2331 349 2401 in
366 2335 436 2401 otio
453 2332 603 2417 quamvis
620 2332 818 2415 tranquillo,
831 2347 938 2403 tamen
951 2333 1042 2407 dein·

69 2430 73 2435 ⁵
117 2451 157 2519 de
178 2465 260 2531 quot
274 2450 467 2531 quantisque
484 2427 793 2519 commutationibus
810 2447 967 2518 turbato?
994 2449 1043 2517 Et

52 2591 54 2595 ·
117 2562 276 2655 illustres
294 2564 381 2631 viros
398 2561 500 2631 fatum
517 2564 691 2632 exstinxit:
710 2579 742 2628 et
758 2565 903 2646 amicos,
915 2563 1037 2647 quibua

113 2680 288 2759 florebam,
307 2682 430 2746 multos
449 2694 506 2746 aut
522 2699 609 2756 mors
629 2680 708 2747 mihi
724 2681 868 2764 eripuit,
887 2696 942 2749 aut
957 2696 1042 2751 tetu-

115 2810 234 2878 porum
251 2795 386 2865 varietas
400 2795 580 2864 subtraxita
600 2814 738 2879 quorum
752 2797 978 2889 amissionem,
999 2814 1038 2869 ut

117 2911 257 2994 assolet,
284 2909 312 2976 si
332 2911 460 2993 quando
480 2911 578 2977 unius
593 2910 791 2993 alteriusque
814 2910 894 2997 boni
908 2912 971 2981 viri
987 2931 1060 3001 acy

113 3024 260 3094 cessione
268 3026 418 3110 supplere
434 3027 534 3108 licet,
550 3024 682 3100 fortuna
695 3029 852 3109 praeclare
862 3028 1037 3103 nobiscum

111 3141 219 3224 egisse
234 3138 373 3205 videtur.
415 3137 452 3208 ln
474 3140 526 3206 his
547 3156 588 3206 et·
605 3155 718 3221 tuam,
742 3139 786 3205 mi
805 3139 985 3226 Lyndeoe,
1007 3154 1042 3209 et

105 3252 209 3341 Pqttis
226 3254 297 3338 tui,
319 3256 515 3323 nobilissimi
540 3256 848 3344 prudentissimique
873 3258 959 3347 viri,
981 3261 1042 3328 mi-

105 3368 324 3459 hiamicitiatu
339 3371 519 3457 obtigisse,
536 3372 572 3438 in
589 3374 760 3457 pmecipua
775 3373 939 3442 felicitatis
952 3393 1040 3449 mete

104 3500 196 3568 parte
211 3505 314 3570 pono,
357 3486 516 3569 Equidem
536 3488 571 3554 in
589 3489 648 3554 hae
664 3489 748 3556 uitae
765 3505 925 3574 tamquam
941 3492 1033 3561 naui·

103 3601 293 3691 gatioueuita
312 3604 415 3673 ventis
433 3620 467 3676 et
481 3605 636 3678 fluctibus
656 3605 797 3694 jactatus
811 3626 907 3687 sum,
931 3621 969 3673 ut
988 3620 1036 3675 ta·

104 3735 177 3785 mett
196 3716 229 3782 iu
245 3721 352 3802 puppi
372 3721 625 3804 gubernaculum
642 3742 728 3794 meae
746 3724 817 3808 ipse
839 3725 975 3807 cymbae
989 3745 1040 3794 re·

104 3834 256 3915 timerem,
278 3854 410 3918 eamque
428 3841 568 3921 oequei
592 3839 714 3924 magnis
740 3840 876 3922 mvigiis
909 3839 1032 3925 obrui,

102 3957 291 4038 noo-parvis
316 3974 431 4022 nocere
458 3959 613 4026 sinetemt
636 3960 693 4025 sed
719 3959 751 4026 io
774 3972 945 4051 utramque
959 3980 1035 4046 pat·

101 4084 166 4154 taut
180 4062 382 4145 consectarer
399 4077 435 4146 ci
452 4073 485 4148 ati
500 4077 662 4148 noetiani
682 4075 716 4154 εὖ
728 4073 898 4173 Ιτσίσχσιν,
919 4070 1040 4157 benefi-

979 4211 1039 4267 Μ
