<?xml version="1.0" encoding="UTF-8"?>
<!DOCTYPE html PUBLIC "-//W3C//DTD XHTML 1.0 Transitional//EN"
    "http://www.w3.org/TR/xhtml1/DTD/xhtml1-transitional.dtd">
<html xmlns="http://www.w3.org/1999/xhtml" xml:lang="en" lang="en">
 <head>
  <title>
</title>
<meta http-equiv="Content-Type" content="text/html;charset=utf-8" />
  <meta name='ocr-system' content='tesseract 3.04.00' />
  <meta name='ocr-capabilities' content='ocr_page ocr_carea ocr_par ocr_line ocrx_word'/>
</head>
<body>
  <div class='ocr_page' id='page_1' title='image "./opusculavariiar00wyttgoog/opusculavariiar00wyttgoog_0156.png"; bbox 0 0 2362 4936; ppageno 0'>
   <div class='ocr_carea' id='block_1_1' title="bbox 100 491 747 609">
    <p class='ocr_par' dir='ltr' id='par_1_1' title="bbox 100 491 747 609">
     <span class='ocr_line' id='line_1_1' title="bbox 100 491 747 609; baseline -0.006 -38"><span class='ocrx_word' id='word_1_1' title='bbox 100 525 188 609; x_wconf 45' lang='grc' dir='ltr'>ψ,</span> <span class='ocrx_word' id='word_1_2' title='bbox 287 535 300 545; x_wconf 86' lang='grc'>··</span> <span class='ocrx_word' id='word_1_3' title='bbox 375 491 747 571; x_wconf 63' lang='lat' dir='ltr'>EPISTULA</span> 
     </span>
    </p>
   </div>
   <div class='ocr_carea' id='block_1_2' title="bbox 106 675 1050 4248">
    <p class='ocr_par' dir='ltr' id='par_1_2' title="bbox 106 675 1050 4248">
     <span class='ocr_line' id='line_1_2' title="bbox 107 675 1050 780; baseline -0.006 -22"><span class='ocrx_word' id='word_1_4' title='bbox 107 678 131 780; x_wconf 51' lang='lat'>5</span> <span class='ocrx_word' id='word_1_5' title='bbox 150 686 281 775; x_wconf 83' lang='lat' dir='ltr'>inquit,</span> <span class='ocrx_word' id='word_1_6' title='bbox 303 683 433 760; x_wconf 81' lang='lat' dir='ltr'>cenam’</span> <span class='ocrx_word' id='word_1_7' title='bbox 457 700 508 751; x_wconf 86' lang='lat' dir='ltr'>me</span> <span class='ocrx_word' id='word_1_8' title='bbox 533 700 647 754; x_wconf 86' lang='lat' dir='ltr'>omnea</span> <span class='ocrx_word' id='word_1_9' title='bbox 665 700 755 751; x_wconf 77' lang='lat' dir='ltr'>meos</span> <span class='ocrx_word' id='word_1_10' title='bbox 776 675 880 754; x_wconf 72' lang='lat' dir='ltr'>libror</span> <span class='ocrx_word' id='word_1_11' title='bbox 895 683 1050 768; x_wconf 56' lang='lat' dir='ltr'>meret»</span> 
     </span>
     <span class='ocr_line' id='line_1_3' title="bbox 106 799 1050 901; baseline -0.006 -24"><span class='ocrx_word' id='word_1_12' title='bbox 106 851 133 901; x_wconf 58' lang='lat'><strong><em>9</em></strong></span> <span class='ocrx_word' id='word_1_13' title='bbox 152 824 297 893; x_wconf 80' lang='lat' dir='ltr'>magnam</span> <span class='ocrx_word' id='word_1_14' title='bbox 320 799 691 882; x_wconf 65' lang='lat' dir='ltr'>habeo&#39;bibliothecam</span> <span class='ocrx_word' id='word_1_15' title='bbox 715 819 798 883; x_wconf 82' lang='lat' dir='ltr'>quae</span> <span class='ocrx_word' id='word_1_16' title='bbox 824 801 855 870; x_wconf 82' lang='lat' dir='ltr'>ai</span> <span class='ocrx_word' id='word_1_17' title='bbox 879 803 960 870; x_wconf 88' lang='lat' dir='ltr'>mibi</span> <span class='ocrx_word' id='word_1_18' title='bbox 981 802 1050 871; x_wconf 81' lang='lat' dir='ltr'>le·</span> 
     </span>
     <span class='ocr_line' id='line_1_4' title="bbox 109 914 1050 1012; baseline -0.006 -21"><span class='ocrx_word' id='word_1_19' title='bbox 109 968 134 1012; x_wconf 76' lang='lat'><em>‚</em></span> <span class='ocrx_word' id='word_1_20' title='bbox 154 923 257 1010; x_wconf 73' lang='lat' dir='ltr'>gendo</span> <span class='ocrx_word' id='word_1_21' title='bbox 280 932 388 1001; x_wconf 77' lang='lat' dir='ltr'>caret,</span> <span class='ocrx_word' id='word_1_22' title='bbox 410 918 561 998; x_wconf 84' lang='lat' dir='ltr'>mallem,</span> <span class='ocrx_word' id='word_1_23' title='bbox 594 929 631 982; x_wconf 87' lang='lat' dir='ltr'>ut</span> <span class='ocrx_word' id='word_1_24' title='bbox 651 914 843 989; x_wconf 78' lang='lat' dir='ltr'><strong>Homericus</strong></span> <span class='ocrx_word' id='word_1_25' title='bbox 867 915 1050 997; x_wconf 72' lang='lat' dir='ltr'>Tirer‘mu</span> 
     </span>
     <span class='ocr_line' id='line_1_5' title="bbox 110 1028 1050 1130; baseline -0.003 -23"><span class='ocrx_word' id='word_1_26' title='bbox 110 1087 134 1130; x_wconf 77' lang='lat'><strong>„</strong></span> <span class='ocrx_word' id='word_1_27' title='bbox 152 1028 307 1127; x_wconf 81' lang='lat' dir='ltr'>pauperis</span> <span class='ocrx_word' id='word_1_28' title='bbox 321 1039 444 1108; x_wconf 90' lang='lat' dir='ltr'>domini</span> <span class='ocrx_word' id='word_1_29' title='bbox 459 1036 625 1122; x_wconf 81' lang='lat' dir='ltr'>operarius</span> <span class='ocrx_word' id='word_1_30' title='bbox 644 1037 790 1103; x_wconf 72' lang='lat' dir='ltr'>rusticus</span> <span class='ocrx_word' id='word_1_31' title='bbox 817 1055 900 1108; x_wconf 83' lang='lat' dir='ltr'>carc.</span> <span class='ocrx_word' id='word_1_32' title='bbox 943 1038 1050 1104; x_wconf 81' lang='lat' dir='ltr'>Sem·</span> 
     </span>
     <span class='ocr_line' id='line_1_6' title="bbox 110 1153 1050 1249; baseline -0.002 -25"><span class='ocrx_word' id='word_1_33' title='bbox 110 1201 135 1249; x_wconf 78' lang='lat'>,‚</span> <span class='ocrx_word' id='word_1_34' title='bbox 156 1175 213 1241; x_wconf 86' lang='lat' dir='ltr'>per</span> <span class='ocrx_word' id='word_1_35' title='bbox 239 1172 344 1223; x_wconf 83' lang='lat' dir='ltr'>novor</span> <span class='ocrx_word' id='word_1_36' title='bbox 368 1153 483 1222; x_wconf 83' lang='lat' dir='ltr'>libror·</span> <span class='ocrx_word' id='word_1_37' title='bbox 499 1170 590 1219; x_wconf 88' lang='lat' dir='ltr'>emor</span> <span class='ocrx_word' id='word_1_38' title='bbox 615 1160 728 1236; x_wconf 80' lang='lat' dir='ltr'>genera</span> <span class='ocrx_word' id='word_1_39' title='bbox 751 1153 965 1235; x_wconf 80' lang='lat' dir='ltr'>continuare,-</span> <span class='ocrx_word' id='word_1_40' title='bbox 982 1153 1050 1222; x_wconf 78' lang='lat' dir='ltr'>irr-</span> 
     </span>
     <span class='ocr_line' id='line_1_7' title="bbox 112 1269 1045 1363; baseline 0.003 -27"><span class='ocrx_word' id='word_1_41' title='bbox 112 1317 137 1363; x_wconf 79' lang='lat'>‚,</span> <span class='ocrx_word' id='word_1_42' title='bbox 155 1271 272 1338; x_wconf 81' lang='lat' dir='ltr'>choma</span> <span class='ocrx_word' id='word_1_43' title='bbox 295 1288 392 1354; x_wconf 86' lang='lat' dir='ltr'>opera</span> <span class='ocrx_word' id='word_1_44' title='bbox 413 1269 561 1352; x_wconf 80' lang='lat' dir='ltr'>partibus</span> <span class='ocrx_word' id='word_1_45' title='bbox 583 1269 735 1352; x_wconf 78' lang='lat' dir='ltr'>deinceps</span> <span class='ocrx_word' id='word_1_46' title='bbox 760 1270 955 1337; x_wconf 77' lang='lat' dir='ltr'>exeuntibus</span> <span class='ocrx_word' id='word_1_47' title='bbox 978 1288 1045 1339; x_wconf 65' lang='lat' dir='ltr'>ex*</span> 
     </span>
     <span class='ocr_line' id='line_1_8' title="bbox 110 1381 1043 1472; baseline -0.001 -22"><span class='ocrx_word' id='word_1_48' title='bbox 110 1426 133 1472; x_wconf 62' lang='lat'>2,</span> <span class='ocrx_word' id='word_1_49' title='bbox 153 1383 241 1468; x_wconf 87' lang='lat' dir='ltr'>plere</span> <span class='ocrx_word' id='word_1_50' title='bbox 262 1392 384 1470; x_wconf 77' lang='lat' dir='ltr'>pergor&#39;</span> <span class='ocrx_word' id='word_1_51' title='bbox 404 1383 461 1452; x_wconf 84' lang='lat' dir='ltr'>vir</span> <span class='ocrx_word' id='word_1_52' title='bbox 486 1401 587 1451; x_wconf 89' lang='lat' dir='ltr'>unum</span> <span class='ocrx_word' id='word_1_53' title='bbox 612 1397 644 1448; x_wconf 88' lang='lat' dir='ltr'>et</span> <span class='ocrx_word' id='word_1_54' title='bbox 662 1383 794 1448; x_wconf 87' lang='lat' dir='ltr'>alterum</span> <span class='ocrx_word' id='word_1_55' title='bbox 821 1381 886 1467; x_wconf 79' lang='lat' dir='ltr'>legi</span> <span class='ocrx_word' id='word_1_56' title='bbox 902 1396 1043 1464; x_wconf 77' lang='lat' dir='ltr'>totum,</span> 
     </span>
     <span class='ocr_line' id='line_1_9' title="bbox 111 1497 1042 1591; baseline 0.001 -24"><span class='ocrx_word' id='word_1_57' title='bbox 111 1543 136 1591; x_wconf 78' lang='lat'>„</span> <span class='ocrx_word' id='word_1_58' title='bbox 156 1516 214 1569; x_wconf 85' lang='lat' dir='ltr'>noc</span> <span class='ocrx_word' id='word_1_59' title='bbox 240 1516 313 1566; x_wconf 88' lang='lat' dir='ltr'>cum</span> <span class='ocrx_word' id='word_1_60' title='bbox 336 1499 400 1567; x_wconf 85' lang='lat' dir='ltr'>miri</span> <span class='ocrx_word' id='word_1_61' title='bbox 424 1500 615 1584; x_wconf 69' lang='lat' dir='ltr'>parvoluma</span> <span class='ocrx_word' id='word_1_62' title='bbox 638 1512 780 1564; x_wconf 74' lang='lat' dir='ltr'>caeteros</span> <span class='ocrx_word' id='word_1_63' title='bbox 809 1497 915 1564; x_wconf 89' lang='lat' dir='ltr'>obiter</span> <span class='ocrx_word' id='word_1_64' title='bbox 930 1497 1042 1582; x_wconf 77' lang='lat' dir='ltr'>inapt-</span> 
     </span>
     <span class='ocr_line' id='line_1_10' title="bbox 108 1613 1042 1708; baseline 0 -25"><span class='ocrx_word' id='word_1_65' title='bbox 108 1661 138 1708; x_wconf 72' lang='lat'>‚,</span> <span class='ocrx_word' id='word_1_66' title='bbox 156 1617 230 1700; x_wconf 88' lang='lat' dir='ltr'>cio,</span> <span class='ocrx_word' id='word_1_67' title='bbox 260 1618 399 1684; x_wconf 79' lang='lat' dir='ltr'>evolvor</span> <span class='ocrx_word' id='word_1_68' title='bbox 432 1616 480 1684; x_wconf 81' lang='lat' dir='ltr'>ric</span> <span class='ocrx_word' id='word_1_69' title='bbox 506 1616 669 1697; x_wconf 86' lang='lat' dir='ltr'>vivimus,</span> <span class='ocrx_word' id='word_1_70' title='bbox 699 1629 860 1680; x_wconf 86' lang='lat' dir='ltr'>ettamen</span> <span class='ocrx_word' id='word_1_71' title='bbox 887 1613 1042 1683; x_wconf 84' lang='lat' dir='ltr'>habemur</span> 
     </span>
     <span class='ocr_line' id='line_1_11' title="bbox 113 1715 1040 1819; baseline 0 -21"><span class='ocrx_word' id='word_1_72' title='bbox 113 1715 138 1819; x_wconf 57' lang='lat' dir='ltr'>j,</span> <span class='ocrx_word' id='word_1_73' title='bbox 157 1731 294 1801; x_wconf 68' lang='lat' dir='ltr'>emoto</span> <span class='ocrx_word' id='word_1_74' title='bbox 319 1731 422 1802; x_wconf 74' lang='grc' dir='ltr'>ιιιω</span> <span class='ocrx_word' id='word_1_75' title='bbox 441 1730 603 1816; x_wconf 82' lang='lat' dir='ltr'>quidquid</span> <span class='ocrx_word' id='word_1_76' title='bbox 617 1744 666 1796; x_wconf 73' lang='lat' dir='ltr'>est</span> <span class='ocrx_word' id='word_1_77' title='bbox 684 1730 892 1814; x_wconf 75' lang='lat' dir='ltr'>huJusmodi,</span> <span class='ocrx_word' id='word_1_78' title='bbox 909 1730 1040 1813; x_wconf 71' lang='lat' dir='ltr'>nam,</span> 
     </span>
     <span class='ocr_line' id='line_1_12' title="bbox 112 1845 1040 1935; baseline 0 -19"><span class='ocrx_word' id='word_1_79' title='bbox 112 1891 138 1935; x_wconf 77' lang='lat'>‚‚</span> <span class='ocrx_word' id='word_1_80' title='bbox 157 1846 414 1935; x_wconf 83' lang='lat' dir='ltr'>Ephcmeridea,</span> <span class='ocrx_word' id='word_1_81' title='bbox 452 1847 644 1916; x_wconf 74' lang='lat' dir='ltr'>biensmuos</span> <span class='ocrx_word' id='word_1_82' title='bbox 671 1846 828 1930; x_wconf 84' lang='lat' dir='ltr'>libellos,</span> <span class='ocrx_word' id='word_1_83' title='bbox 872 1845 1040 1928; x_wconf 73' lang='lat' dir='ltr'>Annam,</span> 
     </span>
     <span class='ocr_line' id='line_1_13' title="bbox 114 1961 1039 2052; baseline -0.001 -19"><span class='ocrx_word' id='word_1_84' title='bbox 114 2010 138 2052; x_wconf 79' lang='lat'>„</span> <span class='ocrx_word' id='word_1_85' title='bbox 158 1965 241 2033; x_wconf 79' lang='lat' dir='ltr'>Actr</span> <span class='ocrx_word' id='word_1_86' title='bbox 262 1964 439 2046; x_wconf 89' lang='lat' dir='ltr'>Literaria,</span> <span class='ocrx_word' id='word_1_87' title='bbox 462 1962 700 2044; x_wconf 85' lang='lat' dir='ltr'>Bibliothecaa,</span> <span class='ocrx_word' id='word_1_88' title='bbox 729 1961 904 2047; x_wconf 76' lang='lat' dir='ltr'>synogas,</span> <span class='ocrx_word' id='word_1_89' title='bbox 937 1963 1039 2032; x_wconf 83' lang='lat' dir='ltr'>omni·</span> 
     </span>
     <span class='ocr_line' id='line_1_14' title="bbox 114 2068 1034 2165; baseline 0.003 -20"><span class='ocrx_word' id='word_1_90' title='bbox 114 2119 140 2161; x_wconf 80' lang='lat'><strong>„</strong></span> <span class='ocrx_word' id='word_1_91' title='bbox 161 2095 206 2145; x_wconf 90' lang='lat' dir='ltr'>no</span> <span class='ocrx_word' id='word_1_92' title='bbox 227 2068 308 2160; x_wconf 76' lang='lat' dir='ltr'>quas</span> <span class='ocrx_word' id='word_1_93' title='bbox 325 2091 443 2146; x_wconf 87' lang='lat' dir='ltr'>vocant</span> <span class='ocrx_word' id='word_1_94' title='bbox 456 2077 639 2165; x_wconf 84' lang='lat' dir='ltr'>periodicas</span> <span class='ocrx_word' id='word_1_95' title='bbox 656 2078 802 2145; x_wconf 85' lang='lat' dir='ltr'>chartaar</span> <span class='ocrx_word' id='word_1_96' title='bbox 824 2078 860 2160; x_wconf 82' lang='lat' dir='ltr'>in</span> <span class='ocrx_word' id='word_1_97' title='bbox 885 2080 938 2149; x_wconf 85' lang='lat' dir='ltr'>hia</span> <span class='ocrx_word' id='word_1_98' title='bbox 952 2094 1034 2157; x_wconf 84' lang='lat' dir='ltr'>trram</span> 
     </span>
     <span class='ocr_line' id='line_1_15' title="bbox 114 2192 1038 2281; baseline 0.008 -22"><span class='ocrx_word' id='word_1_99' title='bbox 114 2237 137 2278; x_wconf 87' lang='lat'>„</span> <span class='ocrx_word' id='word_1_100' title='bbox 157 2192 391 2261; x_wconf 88' lang='lat' dir='ltr'>Bibliothecam</span> <span class='ocrx_word' id='word_1_101' title='bbox 408 2192 585 2262; x_wconf 81' lang='lat' dir='ltr'>Criticamr</span> <span class='ocrx_word' id='word_1_102' title='bbox 611 2212 718 2277; x_wconf 87' lang='lat' dir='ltr'>quae,</span> <span class='ocrx_word' id='word_1_103' title='bbox 742 2209 778 2259; x_wconf 91' lang='grc' dir='ltr'>ιιι</span> <span class='ocrx_word' id='word_1_104' title='bbox 806 2192 930 2281; x_wconf 83' lang='lat' dir='ltr'>fatear,</span> <span class='ocrx_word' id='word_1_105' title='bbox 951 2194 1038 2266; x_wconf 74' lang='lat' dir='ltr'>mlta</span> 
     </span>
     <span class='ocr_line' id='line_1_16' title="bbox 112 2298 1038 2394; baseline 0 -19"><span class='ocrx_word' id='word_1_106' title='bbox 112 2298 136 2394; x_wconf 84' lang='lat'>&#39;„</span> <span class='ocrx_word' id='word_1_107' title='bbox 158 2307 239 2378; x_wconf 90' lang='lat' dir='ltr'>mihi</span> <span class='ocrx_word' id='word_1_108' title='bbox 255 2324 306 2377; x_wconf 86' lang='lat' dir='ltr'>ert</span> <span class='ocrx_word' id='word_1_109' title='bbox 329 2310 487 2393; x_wconf 81' lang='lat' dir='ltr'>molesta,</span> <span class='ocrx_word' id='word_1_110' title='bbox 513 2311 603 2393; x_wconf 89' lang='lat' dir='ltr'><strong>quod</strong></span> <span class='ocrx_word' id='word_1_111' title='bbox 621 2309 742 2378; x_wconf 87' lang='lat' dir='ltr'>tamdiu</span> <span class='ocrx_word' id='word_1_112' title='bbox 761 2310 912 2379; x_wconf 85' lang='lat' dir='ltr'>inchoata</span> <span class='ocrx_word' id='word_1_113' title='bbox 933 2328 966 2383; x_wconf 88' lang='lat' dir='ltr'>et</span> <span class='ocrx_word' id='word_1_114' title='bbox 982 2314 1038 2382; x_wconf 79' lang='lat' dir='ltr'>im.</span> 
     </span>
     <span class='ocr_line' id='line_1_17' title="bbox 115 2422 1040 2514; baseline 0.006 -23"><span class='ocrx_word' id='word_1_115' title='bbox 115 2423 302 2513; x_wconf 77' lang='lat' dir='ltr'>„perfecta</span> <span class='ocrx_word' id='word_1_116' title='bbox 326 2436 453 2491; x_wconf 83' lang='lat' dir='ltr'>maneta</span> <span class='ocrx_word' id='word_1_117' title='bbox 476 2422 524 2489; x_wconf 83' lang='lat' dir='ltr'>sic</span> <span class='ocrx_word' id='word_1_118' title='bbox 549 2422 629 2490; x_wconf 91' lang='lat' dir='ltr'>mihi</span> <span class='ocrx_word' id='word_1_119' title='bbox 654 2443 711 2509; x_wconf 83' lang='lat' dir='ltr'>per</span> <span class='ocrx_word' id='word_1_120' title='bbox 735 2425 860 2511; x_wconf 83' lang='lat' dir='ltr'>pulpita</span> <span class='ocrx_word' id='word_1_121' title='bbox 885 2442 1040 2514; x_wconf 73' lang='lat' dir='ltr'>vagantur</span> 
     </span>
     <span class='ocr_line' id='line_1_18' title="bbox 119 2541 1036 2627; baseline 0.003 -18"><span class='ocrx_word' id='word_1_122' title='bbox 119 2586 142 2626; x_wconf 84' lang='lat'><strong>„</strong></span> <span class='ocrx_word' id='word_1_123' title='bbox 163 2541 309 2627; x_wconf 77' lang='lat' dir='ltr'><strong>singulae</strong></span> <span class='ocrx_word' id='word_1_124' title='bbox 332 2555 461 2625; x_wconf 81' lang='lat' dir='ltr'>parter,</span> <span class='ocrx_word' id='word_1_125' title='bbox 484 2554 520 2607; x_wconf 91' lang='lat' dir='ltr'>ut</span> <span class='ocrx_word' id='word_1_126' title='bbox 542 2559 637 2623; x_wconf 80' lang='lat' dir='ltr'>saepe</span> <span class='ocrx_word' id='word_1_127' title='bbox 660 2559 713 2609; x_wconf 87' lang='lat' dir='ltr'>eaa</span> <span class='ocrx_word' id='word_1_128' title='bbox 741 2542 925 2625; x_wconf 73' lang='lat' dir='ltr'>requiram</span> <span class='ocrx_word' id='word_1_129' title='bbox 948 2542 1036 2612; x_wconf 76' lang='lat' dir='ltr'>veiim</span> 
     </span>
     <span class='ocr_line' id='line_1_19' title="bbox 111 2655 1040 2748; baseline 0.001 -18"><span class='ocrx_word' id='word_1_130' title='bbox 111 2705 136 2748; x_wconf 64' lang='lat'>2,</span> <span class='ocrx_word' id='word_1_131' title='bbox 156 2663 283 2730; x_wconf 77' lang='lat' dir='ltr'>tandem</span> <span class='ocrx_word' id='word_1_132' title='bbox 312 2658 481 2741; x_wconf 83' lang='lat' dir='ltr'>quaternio</span> <span class='ocrx_word' id='word_1_133' title='bbox 511 2655 730 2740; x_wconf 80' lang='lat' dir='ltr'>absolvatur,</span> <span class='ocrx_word' id='word_1_134' title='bbox 759 2661 871 2726; x_wconf 84' lang='lat' dir='ltr'>saltem</span> <span class='ocrx_word' id='word_1_135' title='bbox 901 2674 941 2728; x_wconf 87' lang='lat' dir='ltr'>ut</span> <span class='ocrx_word' id='word_1_136' title='bbox 966 2677 1040 2731; x_wconf 67' lang='lat' dir='ltr'>alm</span> 
     </span>
     <span class='ocr_line' id='line_1_20' title="bbox 114 2755 1039 2871; baseline 0.006 -26"><span class='ocrx_word' id='word_1_137' title='bbox 114 2755 228 2871; x_wconf 32' lang='lat' dir='ltr'><strong>,⁴,uno</strong></span> <span class='ocrx_word' id='word_1_138' title='bbox 252 2773 417 2842; x_wconf 85' lang='lat' dir='ltr'>volumine</span> <span class='ocrx_word' id='word_1_139' title='bbox 447 2774 621 2856; x_wconf 81' lang='lat' dir='ltr'><strong>complecti</strong></span> <span class='ocrx_word' id='word_1_140' title='bbox 648 2775 811 2860; x_wconf 85' lang='lat' dir='ltr'>possim.”</span> <span class='ocrx_word' id='word_1_141' title='bbox 863 2779 953 2848; x_wconf 85' lang='lat' dir='ltr'>Haec</span> <span class='ocrx_word' id='word_1_142' title='bbox 972 2778 1039 2851; x_wconf 80' lang='lat' dir='ltr'>ilic.</span> 
     </span>
     <span class='ocr_line' id='line_1_21' title="bbox 111 2888 1042 2980; baseline 0.004 -19"><span class='ocrx_word' id='word_1_143' title='bbox 111 2893 180 2962; x_wconf 85' lang='lat' dir='ltr'>Cui</span> <span class='ocrx_word' id='word_1_144' title='bbox 204 2911 284 2978; x_wconf 77' lang='lat' dir='ltr'>ego:</span> <span class='ocrx_word' id='word_1_145' title='bbox 327 2935 349 2972; x_wconf 84' lang='lat'><strong>„</strong></span> <span class='ocrx_word' id='word_1_146' title='bbox 370 2888 504 2972; x_wconf 86' lang='lat' dir='ltr'>Macte,</span> <span class='ocrx_word' id='word_1_147' title='bbox 539 2890 696 2975; x_wconf 85' lang='lat' dir='ltr'>inquam,</span> <span class='ocrx_word' id='word_1_148' title='bbox 717 2892 839 2962; x_wconf 85' lang='lat' dir='ltr'>virtute</span> <span class='ocrx_word' id='word_1_149' title='bbox 868 2909 962 2979; x_wconf 81' lang='lat' dir='ltr'>erto,</span> <span class='ocrx_word' id='word_1_150' title='bbox 985 2897 1042 2980; x_wconf 78' lang='lat' dir='ltr'>qvi</span> 
     </span>
     <span class='ocr_line' id='line_1_22' title="bbox 119 3008 1043 3105; baseline 0.006 -28"><span class='ocrx_word' id='word_1_151' title='bbox 119 3057 143 3105; x_wconf 83' lang='lat'>„</span> <span class='ocrx_word' id='word_1_152' title='bbox 164 3028 216 3077; x_wconf 90' lang='lat' dir='ltr'>me</span> <span class='ocrx_word' id='word_1_153' title='bbox 235 3008 390 3079; x_wconf 82' lang='lat' dir='ltr'>diuturno</span> <span class='ocrx_word' id='word_1_154' title='bbox 408 3026 512 3077; x_wconf 87' lang='lat' dir='ltr'>errore</span> <span class='ocrx_word' id='word_1_155' title='bbox 531 3008 698 3092; x_wconf 81' lang='lat' dir='ltr'>liberasti,</span> <span class='ocrx_word' id='word_1_156' title='bbox 721 3010 809 3093; x_wconf 91' lang='lat' dir='ltr'><strong>quod</strong></span> <span class='ocrx_word' id='word_1_157' title='bbox 826 3013 932 3080; x_wconf 87' lang='lat' dir='ltr'><strong>adhuc</strong></span> <span class='ocrx_word' id='word_1_158' title='bbox 949 3026 1043 3099; x_wconf 86' lang='lat' dir='ltr'>pota·</span> 
     </span>
     <span class='ocr_line' id='line_1_23' title="bbox 117 3124 1038 3216; baseline 0.004 -21"><span class='ocrx_word' id='word_1_159' title='bbox 117 3169 142 3216; x_wconf 79' lang='lat'><strong>„</strong></span> <span class='ocrx_word' id='word_1_160' title='bbox 162 3129 196 3195; x_wconf 93' lang='lat' dir='ltr'>vi</span> <span class='ocrx_word' id='word_1_161' title='bbox 222 3124 352 3195; x_wconf 86' lang='lat' dir='ltr'>eosdem</span> <span class='ocrx_word' id='word_1_162' title='bbox 381 3140 453 3194; x_wconf 87' lang='lat' dir='ltr'>ease</span> <span class='ocrx_word' id='word_1_163' title='bbox 472 3139 632 3211; x_wconf 74' lang='lat' dir='ltr'>amatorer</span> <span class='ocrx_word' id='word_1_164' title='bbox 649 3137 681 3191; x_wconf 86' lang='lat' dir='ltr'>et</span> <span class='ocrx_word' id='word_1_165' title='bbox 709 3127 848 3194; x_wconf 82' lang='lat' dir='ltr'>lectores</span> <span class='ocrx_word' id='word_1_166' title='bbox 861 3126 1038 3199; x_wconf 81' lang='lat' dir='ltr'>librorumr</span> 
     </span>
     <span class='ocr_line' id='line_1_24' title="bbox 113 3237 1042 3340; baseline 0.002 -31"><span class='ocrx_word' id='word_1_167' title='bbox 113 3289 140 3335; x_wconf 74' lang='lat'>‚,</span> <span class='ocrx_word' id='word_1_168' title='bbox 159 3261 219 3329; x_wconf 90' lang='lat' dir='ltr'>pro</span> <span class='ocrx_word' id='word_1_169' title='bbox 237 3259 305 3327; x_wconf 89' lang='lat' dir='ltr'>quo</span> <span class='ocrx_word' id='word_1_170' title='bbox 321 3240 382 3306; x_wconf 91' lang='lat' dir='ltr'>tibi</span> <span class='ocrx_word' id='word_1_171' title='bbox 406 3237 561 3309; x_wconf 84' lang='lat' dir='ltr'>beneficio</span> <span class='ocrx_word' id='word_1_172' title='bbox 592 3240 674 3308; x_wconf 82' lang='lat' dir='ltr'>hamc</span> <span class='ocrx_word' id='word_1_173' title='bbox 704 3243 835 3340; x_wconf 71' lang='lat' dir='ltr'>gratiam</span> <span class='ocrx_word' id='word_1_174' title='bbox 862 3244 1042 3326; x_wconf 82' lang='lat' dir='ltr'><strong>promitto,</strong></span> 
     </span>
     <span class='ocr_line' id='line_1_25' title="bbox 116 3358 1043 3449; baseline 0.005 -24"><span class='ocrx_word' id='word_1_175' title='bbox 116 3401 143 3449; x_wconf 76' lang='lat'>‚.</span> <span class='ocrx_word' id='word_1_176' title='bbox 164 3373 206 3425; x_wconf 87' lang='grc' dir='ltr'>ιιι</span> <span class='ocrx_word' id='word_1_177' title='bbox 219 3371 412 3444; x_wconf 82' lang='lat' dir='ltr'>postremam</span> <span class='ocrx_word' id='word_1_178' title='bbox 438 3370 557 3440; x_wconf 88' lang='lat' dir='ltr'>partem</span> <span class='ocrx_word' id='word_1_179' title='bbox 583 3358 768 3442; x_wconf 76' lang='lat' dir='ltr'>propediem</span> <span class='ocrx_word' id='word_1_180' title='bbox 801 3360 916 3444; x_wconf 72' lang='lat' dir='ltr'>mam,</span> <span class='ocrx_word' id='word_1_181' title='bbox 947 3377 1043 3444; x_wconf 86' lang='lat' dir='ltr'>quam</span> 
     </span>
     <span class='ocr_line' id='line_1_26' title="bbox 117 3468 1044 3559; baseline 0.001 -19"><span class='ocrx_word' id='word_1_182' title='bbox 117 3513 143 3559; x_wconf 77' lang='lat'>„</span> <span class='ocrx_word' id='word_1_183' title='bbox 161 3488 199 3540; x_wconf 88' lang='lat' dir='ltr'>tu</span> <span class='ocrx_word' id='word_1_184' title='bbox 214 3490 290 3541; x_wconf 90' lang='lat' dir='ltr'>cum</span> <span class='ocrx_word' id='word_1_185' title='bbox 310 3472 473 3555; x_wconf 80' lang='lat' dir='ltr'>prioribus</span> <span class='ocrx_word' id='word_1_186' title='bbox 492 3468 583 3555; x_wconf 83' lang='lat' dir='ltr'>vagis</span> <span class='ocrx_word' id='word_1_187' title='bbox 605 3469 752 3553; x_wconf 88' lang='lat' dir='ltr'>partibus</span> <span class='ocrx_word' id='word_1_188' title='bbox 769 3470 803 3539; x_wconf 90' lang='lat' dir='ltr'>in</span> <span class='ocrx_word' id='word_1_189' title='bbox 821 3489 922 3539; x_wconf 87' lang='lat' dir='ltr'>unum</span> <span class='ocrx_word' id='word_1_190' title='bbox 948 3471 1044 3550; x_wconf 58' lang='lat' dir='ltr'>volo*</span> 
     </span>
     <span class='ocr_line' id='line_1_27' title="bbox 119 3581 1044 3679; baseline 0.004 -26"><span class='ocrx_word' id='word_1_191' title='bbox 119 3630 144 3679; x_wconf 68' lang='lat'><em>„</em></span> <span class='ocrx_word' id='word_1_192' title='bbox 165 3603 238 3655; x_wconf 88' lang='lat' dir='ltr'>men</span> <span class='ocrx_word' id='word_1_193' title='bbox 255 3587 446 3655; x_wconf 81' lang='lat' dir='ltr'>concludere</span> <span class='ocrx_word' id='word_1_194' title='bbox 460 3581 611 3668; x_wconf 57' lang='lat' dir='ltr'>possis?</span> <span class='ocrx_word' id='word_1_195' title='bbox 654 3584 700 3652; x_wconf 82' lang='lat' dir='ltr'>Et</span> <span class='ocrx_word' id='word_1_196' title='bbox 717 3584 769 3652; x_wconf 88' lang='lat' dir='ltr'>hic</span> <span class='ocrx_word' id='word_1_197' title='bbox 786 3586 914 3671; x_wconf 88' lang='lat' dir='ltr'>quidem</span> <span class='ocrx_word' id='word_1_198' title='bbox 928 3586 1044 3674; x_wconf 83' lang='lat' dir='ltr'>bojoa-</span> 
     </span>
     <span class='ocr_line' id='line_1_28' title="bbox 116 3700 298 3784; baseline -0.005 -12"><span class='ocrx_word' id='word_1_199' title='bbox 116 3700 207 3784; x_wconf 86' lang='lat' dir='ltr'>modi</span> <span class='ocrx_word' id='word_1_200' title='bbox 221 3714 298 3771; x_wconf 85' lang='lat' dir='ltr'>erat.</span> 
     </span>
     <span class='ocr_line' id='line_1_29' title="bbox 160 3812 1045 3904; baseline -0.001 -18"><span class='ocrx_word' id='word_1_201' title='bbox 160 3814 238 3887; x_wconf 79' lang='lat' dir='ltr'>Fuit</span> <span class='ocrx_word' id='word_1_202' title='bbox 253 3818 335 3883; x_wconf 83' lang='lat' dir='ltr'>alius</span> <span class='ocrx_word' id='word_1_203' title='bbox 355 3814 411 3899; x_wconf 81' lang='lat' dir='ltr'>qui</span> <span class='ocrx_word' id='word_1_204' title='bbox 428 3812 553 3882; x_wconf 82' lang='lat' dir='ltr'>facetria</span> <span class='ocrx_word' id='word_1_205' title='bbox 567 3831 638 3883; x_wconf 83' lang='lat' dir='ltr'>erae</span> <span class='ocrx_word' id='word_1_206' title='bbox 650 3817 770 3884; x_wconf 80' lang='lat' dir='ltr'>velletr</span> <span class='ocrx_word' id='word_1_207' title='bbox 802 3861 824 3898; x_wconf 88' lang='lat'><strong>„</strong></span> <span class='ocrx_word' id='word_1_208' title='bbox 845 3815 1045 3904; x_wconf 56' lang='lat' dir='ltr'>Quomodoc</span> 
     </span>
     <span class='ocr_line' id='line_1_30' title="bbox 120 3930 1046 4024; baseline 0.002 -20"><span class='ocrx_word' id='word_1_209' title='bbox 120 3981 146 4024; x_wconf 79' lang='lat'><strong>„</strong></span> <span class='ocrx_word' id='word_1_210' title='bbox 166 3934 298 4018; x_wconf 81' lang='lat' dir='ltr'>inquit,</span> <span class='ocrx_word' id='word_1_211' title='bbox 321 3935 405 4000; x_wconf 86' lang='lat' dir='ltr'>valet</span> <span class='ocrx_word' id='word_1_212' title='bbox 427 3931 571 4018; x_wconf 85' lang='lat' dir='ltr'>proxime</span> <span class='ocrx_word' id='word_1_213' title='bbox 596 3933 713 3999; x_wconf 84' lang='lat' dir='ltr'>edenda</span> <span class='ocrx_word' id='word_1_214' title='bbox 730 3930 951 4002; x_wconf 86' lang='lat' dir='ltr'>Bibliothecae</span> <span class='ocrx_word' id='word_1_215' title='bbox 970 3932 1046 4006; x_wconf 88' lang='lat' dir='ltr'>Cri·</span> 
     </span>
     <span class='ocr_line' id='line_1_31' title="bbox 114 4048 1047 4153; baseline -0.012 -26"><span class='ocrx_word' id='word_1_216' title='bbox 114 4054 242 4153; x_wconf 52' lang='lat' dir='ltr'>priore</span> <span class='ocrx_word' id='word_1_217' title='bbox 256 4049 395 4125; x_wconf 72' lang='lat' dir='ltr'>varav’</span> <span class='ocrx_word' id='word_1_218' title='bbox 426 4094 450 4139; x_wconf 89' lang='lat'>„</span> <span class='ocrx_word' id='word_1_219' title='bbox 462 4049 643 4137; x_wconf 86' lang='lat' dir='ltr'>Nondum,</span> <span class='ocrx_word' id='word_1_220' title='bbox 663 4048 933 4141; x_wconf 80' lang='lat' dir='ltr'>inquam‚valet,</span> <span class='ocrx_word' id='word_1_221' title='bbox 948 4048 1047 4133; x_wconf 84' lang='lat' dir='ltr'>quip-</span> 
     </span>
     <span class='ocr_line' id='line_1_32' title="bbox 962 4175 1050 4248; baseline -0.011 0"><span class='ocrx_word' id='word_1_222' title='bbox 962 4205 984 4248; x_wconf 85' lang='grc' dir='ltr'>ιι</span> <span class='ocrx_word' id='word_1_223' title='bbox 1002 4175 1050 4247; x_wconf 58' lang='grc' dir='ltr'>Ρ·</span> 
     </span>
    </p>
   </div>
   <div class='ocr_carea' id='block_1_3' title="bbox 0 0 1192 4936">
    <p class='ocr_par' dir='ltr' id='par_1_3' title="bbox 0 0 1192 4936">
     <span class='ocr_line' id='line_1_33' title="bbox 0 0 1192 4936; baseline 0 0"><span class='ocrx_word' id='word_1_224' title='bbox 0 0 1192 4936; x_wconf 95' lang='lat' dir='ltr'> </span> 
     </span>
    </p>
   </div>
  </div>
 </body>
</html>
