2362 4936
169 577 259 676 '³1⁰
488 538 888 661 EPISTOLA-

217 740 356 827 comici,
377 740 510 810 mimici.
556 741 661 827 Igitur
677 755 708 806 et
727 760 861 825 poeseos
880 759 992 827 genera
1013 746 1047 815 in
1076 739 1155 817 area

216 862 367 947 logorum
397 859 548 959 varietate
571 866 737 940 apparent
781 857 850 961 lilii
881 861 990 962 euim,
1012 869 1050 929 ut
1073 862 1148 947 epi·

202 948 298 1067 qum
316 992 439 1060 genus,
468 987 546 1040 sunt
569 974 804 1057 laureacensi,
837 976 1016 1044 narratione
1039 981 1155 1048 conti-

196 1123 208 1179 '.
220 1106 361 1174 nentur,
385 1076 581 1177 interposito
608 1094 741 1177 inquam
759 1105 790 1157 et
805 1095 935 1179 inquit:
955 1094 1009 1160 alii
1028 1088 1152 1181 lpaa'aa-

217 1205 358 1287 saxol,
348 1227 381 1273 m
408 1204 529 1288 quibus
556 1204 759 1287 colloquium
790 1204 916 1289 agitur,
945 1224 1013 1274 non
1038 1228 1151 1287 nama-

215 1333 298 1387 tura.
319 1319 374 1386 alii
408 1312 448 1385 ad
481 1312 660 1402 tragoediae
684 1317 912 1384 sublimitatem
947 1338 1150 1411 assurgunt,

219 1429 273 1500 alii
291 1424 341 1500 ad
364 1432 549 1502 comoediae
575 1399 818 1500 similitudinem
837 1433 967 1502 ervitte
984 1432 1150 1519 quotidia-

216 1567 276 1617 nae
296 1548 476 1639 exemplum
504 1549 678 1632 compositi
699 1566 793 1618 sunt
835 1550 907 1618 Hoc
928 1548 1063 1619 debebat
1089 1573 1151 1620 co·

218 1668 343 1753 gitare,
376 1664 560 1733 excellentis
593 1664 648 1745 ille
674 1665 795 1752 ingenii
820 1665 1048 1748 doctrinaeque
1066 1666 1149 1733 scri'·

218 1802 298 1870 ptor
324 1786 506 1871 Dionysius
532 1782 819 1865 Halicarnasseus,
842 1784 898 1852 sed
915 1784 996 1851 idem
1023 1781 1148 1851 inPla·

213 1915 322 1969 tonem
342 1900 511 1992 iniquior,
533 1915 637 1969 vetere
651 1916 812 1971 oratorum
839 1921 912 1986 erga
927 1896 1151 1987 philosophos

203 1994 317 2099 odio,
348 2016 381 2083 in
413 2016 524 2100 primis
552 2005 742 2097 Platonem,
770 2016 886 2100 cujus,
918 2028 950 2081 et
981 2015 1079 2098 alibi,
1111 2030 1149 2085 et

212 2137 348 2204 maxime
365 2136 399 2204 iu
414 2128 560 2224 Gorgia,
582 2135 740 2220 judicium
764 2133 803 2200 de
827 2129 918 2199 clviii
934 2126 1146 2218 eloquentia,

215 2252 368 2339 omnibus
384 2253 584 2336 deincepset
601 2252 788 2320 oratoribus
805 2267 837 2319 et
855 2251 1041 2318 rhetoribus
1058 2250 1146 2319 sedit

213 2367 280 2433 alta
308 2380 414 2433 mente
439 2381 616 2451 repostum.
660 2365 725 2433 Hic
749 2384 825 2450 ergo
853 2364 1020 2434 Platonem
1037 2367 1071 2433 in
1091 2385 1149 2452 ge·

214 2500 289 2550 nere
309 2489 402 2551 tenui
419 2482 554 2550 summis
577 2483 729 2549 laudibus
753 2483 874 2567 afficit,
898 2483 932 2550 in
954 2483 1083 2552 sublimi
1104 2498 1147 2550 ut

213 2594 368 2680 puerilem
389 2592 617 2678 reprehendit:
647 2594 782 2680 ejusque
811 2612 945 2663 caussae
969 2583 1146 2664 documen·

83 2786 87 2795 ,
181 2771 199 2805 ,Ι
215 2726 285 2777 tum
303 2706 407 2776 adfert
422 2706 584 2794 dialogum
602 2705 807 2793 Phaedrum,
829 2712 864 2779 in
881 2732 952 2796 quo
966 2729 1147 2799 utrumque

161 2860 166 2875 κ
198 2826 318 2915 'genus
346 2840 470 2892 exstat:
501 2822 581 2892 illud
606 2827 753 2914 egregie,
776 2823 838 2896 hoc
862 2845 1052 2915 perperam,
1073 2847 1142 2899 tra-

195 2926 335 3010 'ctatum
359 2937 528 3010 affirmans.
575 2941 698 3030 Quod,
722 2945 786 3011 nisi
802 2946 921 3013 invidia
936 2963 1143 3030 occupatus,

215 3058 367 3131 affirmare
384 3078 479 3127 nemo
494 3059 616 3146 possit.
664 3057 749 3147 Quis
771 3061 855 3129 enim
875 3061 998 3146 integro
1015 3062 1144 3148 judicio

214 3179 255 3249 ad
289 3179 376 3243 illius
411 3172 487 3243 libri
524 3164 691 3242 lectionem
727 3174 901 3258 accedens,
933 3195 999 3243 non
1024 3177 1144 3243 sentiat

192 3272 198 3281 ⁸
220 3291 328 3361 omnia
344 3307 418 3376 apta
439 3290 522 3359 iuter
536 3309 571 3358 se
587 3308 620 3385 et
634 3291 822 3358 continuata
837 3292 946 3358 eodem
962 3289 1146 3357 verisimili·

218 3405 344 3473 tudinis
364 3423 473 3488 nexu,
496 3403 605 3472 omnia
623 3403 813 3488 iunctoque
829 3423 939 3490 genere
955 3421 1029 3471 cum
1044 3421 1142 3490 argu·

198 3522 348 3606 mento,
368 3522 467 3615 loco,
489 3537 657 3606 tempore,
679 3541 712 3588 re
734 3521 824 3607 ipsa,
847 3523 968 3607 pariter
982 3522 1140 3590 conveni·

103 3622 106 3637 ¹
219 3660 254 3707 re
278 3654 424 3718 tantum,
446 3656 603 3720 quantum
629 3637 663 3702 in
687 3635 765 3702 ficto
788 3637 956 3719 colloquio
979 3633 1047 3701 fieri
1064 3648 1141 3718 pot·

186 3738 291 3838 ''est3
315 3769 352 3819 ut
370 3754 504 3839 legentis
522 3770 637 3820 sensns
655 3772 813 3836 nusquam
831 3754 1004 3836 quidquam
1024 3755 1073 3820 vel
1087 3753 1141 3819 in·

190 3856 351 3963 'eptum,
373 3871 424 3935 vel
449 3862 646 3952 absurdum,
677 3869 728 3934 vel
751 3868 1010 3953 intempestivum
1038 3862 1142 3937 offen·

192 3972 294 4066 dat,
316 3985 373 4051 sed
399 3983 520 4066 ubique
546 3985 734 4066 Platonem,
756 3990 953 4070 unsarana
970 3988 1022 4059 cal
1037 4011 1141 4058 συνιν·

223 4105 361 4186 ltarmr,
383 4101 537 4230 delinitus
556 4106 731 4190 eodemque
749 4105 926 4177 divinitatis
952 4107 1068 4194 spiritu
1089 4105 1138 4172 af·

480 4242 489 4251 ·
845 4228 851 4237 '
1083 4224 1144 4294 lla·
