2362 4936
137 590 223 666 mn
273 592 610 671 uitiasse
661 594 799 675 net
871 542 957 687 ξπ,

86 785 148 852 udo
167 783 256 869 apud
274 781 465 866 Romanos,
483 794 587 849 tamen
605 781 641 851 in
654 780 841 865 disciplinis
860 800 956 857 ean..
1092 832 1097 839 .

98 898 203 967 ttihui
220 896 301 965 vitu.
345 898 381 964 ln
400 917 464 979 qua
481 898 511 964 si
530 897 611 983 quid
628 897 850 984 mutabimus,
874 920 956 979 suo·

86 1013 169 1099 ique
188 1010 267 1081 luco
290 1010 506 1087 monebimus.

307 1244 547 1315 anns
621 1202 730 1318 ι’

86 1496 129 1547 tm
150 1476 291 1565 primm
319 1478 462 1547 omnium
493 1489 647 1558 constat,
678 1476 835 1561 Veteres,
867 1496 948 1554 cum

86 1593 246 1664 nantoade
268 1593 381 1659 multis
401 1592 563 1675 uariisque
581 1591 796 1675 numinibus,
818 1611 857 1660 ex
877 1612 955 1685 pos

86 1710 123 1777 tti
139 1709 234 1793 loqui
251 1707 427 1794 opinione:
448 1728 523 1779 cum
541 1727 618 1776 vero
637 1726 727 1785 sutm
744 1708 809 1793 ipsi
826 1727 866 1775 ex
879 1705 950 1777 aui·
1044 1692 1050 1699 ’

110 1822 283 1908 ptulerunt
319 1826 529 1909 seutentiam,
560 1841 632 1899 tum
665 1844 742 1893 veto
767 1823 815 1893 ita
838 1824 880 1893 ah
906 1824 958 1905 iia.
993 1830 1000 1848 ‘

86 1939 251 2020 suasisti,
282 1953 319 2007 ut
343 1954 513 2025 appareat,
543 1959 601 2011 eos
632 1942 809 2022 statuisse,
841 1944 946 2020 Deum

86 2054 151 2123 iem
176 2071 364 2139 supremum
398 2055 543 2125 omnium
572 2075 676 2140 aerum
699 2054 882 2122 effectorem
908 2073 947 2123 tu

86 2185 291 2251 effluerem,
313 2188 381 2242 uon
398 2189 469 2239 esse
490 2169 555 2238 nisi
577 2189 691 2241 unum.
735 2171 852 2254 Neque
871 2187 952 2239 veto
1092 2215 1114 2256 ,-

86 2330 108 2367 ,,
131 2285 223 2369 quud
242 2283 323 2368 ipsis
342 2303 451 2354 eorum
471 2285 668 2355 testimoniis
685 2284 950 2369 comprobarem,

86 2417 105 2466 n
136 2397 180 2468 ila
200 2398 363 2483 placuisse
387 2399 602 2485 senteutiam
632 2400 696 2468 uisi
727 2414 833 2468 esseut
864 2400 959 2469 haud

86 2508 139 2597 si,
170 2514 321 2597 quihus
355 2514 390 2583 in
427 2514 564 2583 dubium
598 2531 766 2586 vocarent,
818 2514 958 2602 Quibus.

86 2649 94 2696 ι
123 2629 356 2715 respondetur,
392 2632 462 2719 ejus
505 2628 682 2707 sententiae
717 2630 855 2716 vestigia
892 2640 970 2719 pen·

86 2763 122 2813 im
145 2742 299 2815 Veterum
330 2742 508 2813 doctrinam
533 2763 683 2828 expressa
714 2763 784 2813 esse
814 2743 964 2837 manifes.

86 2882 96 2943 ᾗ
129 2859 179 2926 illi
202 2859 298 2925 locos
324 2859 516 2943 requirunt,
541 2858 598 2927 ubi
621 2859 685 2930 hoc
709 2860 838 2929 disertis
861 2862 951 2927 diua.

97 2972 213 3045 muts.
260 2973 346 3042 Cum
369 2973 557 3043 adferuntur
575 2973 664 3060 loci,
685 2977 748 3044 hos
766 2976 815 3044 1111
842 2977 963 3057 couti-2,¹

86 3104 104 3154 o
118 3088 353 3163 calumniantur
368 3088 626 3176 interpretando,-
646 3108 753 3175 meque
767 3089 962 3185 aliquidem,
1054 3130 1057 3135 ·

90 3198 168 3273 efflet
185 3205 316 3285 volunt.
361 3203 435 3292 Qua
451 3204 582 3290 quidem
597 3205 808 3271 contentione
825 3219 858 3272 et
874 3223 960 3289 pan,

86 3337 106 3385 n
144 3318 290 3386 studium
324 3319 465 3402 produnt
495 3332 528 3393 et
562 3318 768 3401 antiquitatis
800 3317 951 3402 ignotan-

86 3452 119 3503 n.
170 3433 297 3507 Horum
337 3431 393 3501 ulii
421 3450 545 3501 omnem
573 3430 820 3515 Philosophiam
844 3448 961 3519 repro,
1062 3460 1064 3465 ·

86 3549 199 3632 stiunt,
219 3562 257 3614 ut
284 3548 454 3643 nuvelatam
479 3546 664 3631 religionem
692 3544 870 3613 extollanta
893 3542 964 3614 slii.

86 3682 163 3735 taem
187 3656 432 3746 Philosophiam
460 3663 644 3749 exegimus,
674 3677 712 3728 ut
749 3661 961 3748 recentiorem,

86 3776 173 3849 deut.
215 3781 262 3847 At
288 3797 365 3847 veto
391 3792 503 3847 contra
526 3795 563 3851 se
586 3794 636 3849 tes
661 3775 964 3858 hahe13iiocttius¹

86 3911 116 3960 ‚m
141 3913 289 3979 quaeque
322 3914 380 3967 sut
414 3913 449 3963 se
473 3891 693 3978 possumis,
725 3910 793 3960 non
821 3891 956 3959 aliatum

86 4009 194 4090 upetio
210 4009 291 4076 tueri
303 4010 419 4077 hebet.
464 4007 568 4093 Igitur
585 4020 617 4074 et
632 4006 726 4092 Vos,
750 4005 795 4075 V.
810 4005 854 4075 V.
873 4005 966 4087 Gi...

86 4134 125 4193 :te
136 4138 174 4231 ¹tt
192 4143 254 4212 pto
275 4139 379 4230 tesan
398 4123 522 4200 fuistis
533 4122 726 4221 prudentia,
748 4122 838 4217 quogl
853 4136 965 4223 909³]
