2362 4936
99 534 164 615 ,ω
330 504 808 592 ursnurauro

114 718 230 795 triam,
260 709 318 777 sed
340 725 375 773 tn
397 703 565 771 Graecum
591 700 845 788 importaruntl
878 708 988 799 Quldl
1006 710 1056 815 d,

116 831 194 914 quis
213 827 248 893 in
273 824 379 891 Sinam
406 818 564 897 veniens,
587 832 765 901 postquam
790 822 867 907 ejus
884 828 1056 909 gennem„

116 961 168 1013 tes
194 955 290 1023 atque
322 933 485 1017 ingenium
511 949 578 997 non
603 931 674 999 siue
698 935 918 1007 admiratione
932 962 1038 1029 cogno-

117 1032 243 1137 uisset,
264 1050 373 1119 audiat
399 1046 539 1129 narrari3
574 1046 727 1114 Sinenses
751 1056 907 1133 quamvis
930 1044 1038 1147 cgreg'u

119 1171 224 1240 multa
247 1166 425 1235 invenerint
452 1166 486 1231 in
513 1163 638 1232 artibus
665 1184 702 1233 ac
728 1164 919 1255 disciplinis
940 1179 1037 1245 omni·

119 1288 207 1367 bus,
230 1299 336 1349 tamen
354 1300 454 1349 unum
474 1300 545 1349 esse
561 1281 666 1349 Deum
686 1301 747 1351 aue
772 1288 871 1372 ipsos
886 1293 1034 1379 mpdnle

118 1401 229 1471 videre
244 1418 312 1467 non
336 1399 502 1483 potuisse:
525 1397 595 1483 ejus
626 1392 709 1466 enlm
733 1403 781 1468 rel
805 1406 951 1475 notitiam
972 1426 1038 1476 cum

118 1516 314 1586 Sluensibus
350 1514 619 1583 communicatam
662 1537 734 1585 esae
763 1539 826 1603 per
862 1538 1035 1593 mmatorct

120 1632 277 1701 Tartaron
288 1676 300 1709 ,
310 1630 442 1711 quieam
457 1628 680 1711 accepissenta
691 1633 1035 1719 geutecoaaelomm,

122 1746 197 1813 rudi
222 1742 351 1827 quidem
369 1744 422 1810 illa
438 1760 471 1810 et
487 1744 632 1825 inculta,
656 1748 712 1814 sed
728 1748 916 1821 Christiane
928 1766 1035 1827 umen.

123 1862 190 1935 llic
212 1860 313 1947 igitur
335 1878 444 1928 nonne
467 1860 532 1928 sibi
558 1860 703 1928 videatur
730 1846 907 1949 tale'quid
921 1866 1033 1949 rudire,

125 1983 241 2065 quoa,
256 1976 321 2047 nest
340 1946 633 2065 continuarentur
649 1994 683 2045 ut
699 1967 823 2049 farsum
840 1986 872 2051 et
885 1984 1032 2067 nepum

122 2116 208 2166 certe
232 2115 271 2163 eo
295 2114 400 2179 usque
418 2095 583 2180 repudiet,
607 2094 707 2163 donec
736 2096 930 2171 firmissimis
944 2102 1028 2167 ratio·

125 2214 226 2287 nibus
252 2209 502 2282 demonstratum
527 2212 655 2280 fuerit?
695 2213 813 2297 ltaque
841 2214 1032 2301 prolectoel

128 2344 191 2399 nos
209 2330 354 2396 videmur
376 2329 413 2394 de
437 2343 550 2397 nostro
569 2329 641 2414 jure
664 2330 860 2415 concedere,
885 2340 954 2401 cum
971 2338 1034 2401 con'·

128 2462 179 2517 tra
204 2449 286 2515 istos
311 2444 525 2532 disputamus.
583 2446 647 2512 Est
673 2445 757 2513 enim
783 2449 900 2529 potius
923 2466 1033 2531 eorum,

130 2567 189 2649 qui
217 2584 280 2630 rem
306 2581 423 2632 novam
456 2580 488 2628 er
521 2581 539 2627 a
574 2560 857 2630 verisimilitudine
885 2564 1034 2631 abhorret·

130 2692 194 2743 tem
219 2676 316 2744 nobis
337 2675 525 2756 persuadere
547 2686 728 2755 conantur,
761 2692 830 2741 eam
857 2678 1032 2745 demonem·

130 2806 184 2875 te,
207 2809 303 2874 quam
319 2802 492 2871 nostrum,
516 2789 572 2872 qui
590 2795 656 2855 eam
678 2802 858 2876 negamus,
874 2792 1033 2862 nunnitus
1068 2792 1071 2799 '

123 2900 278 2981 refellere.

173 3021 236 3087 Sed
250 3018 404 3100 fuerunt,
427 3018 556 3100 inquit,
577 3018 664 3102 apud
689 3019 874 3109 Aegyptios
899 3040 931 3093 et
951 3006 1031 3095 l’hoo·

132 3136 223 3209 mices
240 3133 333 3200 multi
350 3131 443 3199 etiam
463 3133 622 3218 sapientes
642 3133 726 3218 viri,
752 3138 868 3220 quide
891 3140 978 3207 reboe
994 3134 1030 3202 di·

132 3255 220 3324 vinis
237 3254 344 3321 verius
368 3251 573 3340 judicarent,
596 3256 690 3336 quam
712 3255 836 3321 civium
858 3274 957 3324 eorum
970 3252 1027 3319 ml·

135 3388 210 3459 gus.
255 3371 345 3441 Scio.
380 3368 508 3452 Atqui,
531 3367 657 3451 inquit,
680 3368 715 3435 hl
732 3369 800 3454 ipsi
820 3370 967 3451 fuerunt,
981 3360 1029 3449 qul

133 3490 281 3559 notitiam
300 3489 395 3553 unius
411 3476 471 3552 Dei
487 3485 647 3569 aJudaeis
665 3499 828 3568 acceptam
846 3486 1029 3556 Graeclam·
1065 3466 1071 3505 '³

132 3604 255 3670 decent.
298 3600 357 3665 Nil
381 3599 447 3665 vidi
467 3598 586 3683 magis!
611 3598 701 3681 Viri,
725 3602 850 3692 quibus
877 3618 980 3671 natura
996 3614 1030 3663 su

28 3687 33 3697 ’
133 3698 182 3780 tis
201 3712 353 3778 tribuerat
377 3711 518 3796 ingenii,
547 3729 584 3778 ut
612 3714 797 3798 populares
809 3735 932 3785 errores
952 3692 1031 3783 et'm

136 3829 317 3913 telllgerenr
340 3842 371 3893 et
399 3842 661 3912 contemnerent,
689 3833 800 3900 eodem
837 3834 963 3924 ingenio
982 3836 1030 3897 nol

138 3944 221 4012 illud
234 3943 325 4010 etiam
345 3945 546 4027 intelligant,
566 3946 654 4027 quod
674 3960 788 4014 natura
806 3951 840 4016 in
857 3954 930 4019 loco
943 3948 969 4017 sl
983 3952 1029 4012 nol
1060 3956 1071 3965 ‘

141 4078 278 4148 aperto,
300 4073 384 4127 cette
404 4060 533 4129 minime
554 4062 717 4129 recondito
734 4068 873 4153 posuit,
894 4067 955 4136 vim
970 4057 1036 4131 dial.
1059 4068 1071 4079 ‘

976 4182 1027 4243 ue!
