<?xml version="1.0" encoding="UTF-8"?>
<!DOCTYPE html PUBLIC "-//W3C//DTD XHTML 1.0 Transitional//EN"
    "http://www.w3.org/TR/xhtml1/DTD/xhtml1-transitional.dtd">
<html xmlns="http://www.w3.org/1999/xhtml" xml:lang="en" lang="en">
 <head>
  <title>
</title>
<meta http-equiv="Content-Type" content="text/html;charset=utf-8" />
  <meta name='ocr-system' content='tesseract 3.04.00' />
  <meta name='ocr-capabilities' content='ocr_page ocr_carea ocr_par ocr_line ocrx_word'/>
</head>
<body>
  <div class='ocr_page' id='page_1' title='image "./opusculavariiar00wyttgoog/opusculavariiar00wyttgoog_0093.png"; bbox 0 0 2362 4936; ppageno 0'>
   <div class='ocr_carea' id='block_1_1' title="bbox 761 330 1053 417">
    <p class='ocr_par' dir='ltr' id='par_1_1' title="bbox 761 330 1053 417">
     <span class='ocr_line' id='line_1_1' title="bbox 761 330 1053 357; baseline 0.003 -8"><span class='ocrx_word' id='word_1_1' title='bbox 761 330 771 349; x_wconf 73' lang='lat'>0</span> <span class='ocrx_word' id='word_1_2' title='bbox 911 348 920 357; x_wconf 69' lang='grc'><strong>,</strong></span> <span class='ocrx_word' id='word_1_3' title='bbox 1050 351 1053 355; x_wconf 55' lang='grc'><em>,</em></span> 
     </span>
     <span class='ocr_line' id='line_1_2' title="bbox 942 404 953 417; baseline 0 0"><span class='ocrx_word' id='word_1_4' title='bbox 942 404 953 417; x_wconf 76' lang='lat' dir='ltr'><em>a</em></span> 
     </span>
    </p>
   </div>
   <div class='ocr_carea' id='block_1_2' title="bbox 289 585 1093 683">
    <p class='ocr_par' dir='ltr' id='par_1_2' title="bbox 289 585 1093 683">
     <span class='ocr_line' id='line_1_3' title="bbox 289 585 1093 683; baseline 0.009 -9"><span class='ocrx_word' id='word_1_5' title='bbox 289 585 732 674; x_wconf 63' lang='lat' dir='ltr'>§turturi</span> <span class='ocrx_word' id='word_1_6' title='bbox 933 606 978 683; x_wconf 74' lang='lat' dir='ltr'>tr</span> <span class='ocrx_word' id='word_1_7' title='bbox 1085 617 1093 633; x_wconf 91' lang='lat'><strong>·</strong></span> 
     </span>
    </p>
   </div>
   <div class='ocr_carea' id='block_1_3' title="bbox 86 776 1145 3885">
    <p class='ocr_par' dir='ltr' id='par_1_3' title="bbox 86 776 970 1108">
     <span class='ocr_line' id='line_1_4' title="bbox 86 776 970 880; baseline -0.005 -14"><span class='ocrx_word' id='word_1_8' title='bbox 86 847 91 880; x_wconf 86' lang='grc'><strong>,</strong></span> <span class='ocrx_word' id='word_1_9' title='bbox 112 810 156 866; x_wconf 87' lang='lat' dir='ltr'>ut</span> <span class='ocrx_word' id='word_1_10' title='bbox 169 793 343 864; x_wconf 80' lang='lat' dir='ltr'>&#39;omnium</span> <span class='ocrx_word' id='word_1_11' title='bbox 359 776 491 877; x_wconf 75' lang='lat' dir='ltr'>iudicio</span> <span class='ocrx_word' id='word_1_12' title='bbox 504 786 535 855; x_wconf 86' lang='lat' dir='ltr'>¹ei</span> <span class='ocrx_word' id='word_1_13' title='bbox 559 788 725 856; x_wconf 83' lang='lat' dir='ltr'>deberetur</span> <span class='ocrx_word' id='word_1_14' title='bbox 741 789 793 857; x_wconf 83' lang='lat' dir='ltr'>vei</span> <span class='ocrx_word' id='word_1_15' title='bbox 820 792 970 863; x_wconf 87' lang='lat' dir='ltr'>cttiredrt</span> 
     </span>
     <span class='ocr_line' id='line_1_5' title="bbox 87 905 965 994; baseline -0.007 -12"><span class='ocrx_word' id='word_1_16' title='bbox 87 917 224 994; x_wconf 78' lang='lat' dir='ltr'>emica,</span> <span class='ocrx_word' id='word_1_17' title='bbox 262 911 321 976; x_wconf 85' lang='lat' dir='ltr'>vei</span> <span class='ocrx_word' id='word_1_18' title='bbox 346 907 545 992; x_wconf 68' lang='lat' dir='ltr'>praefectura</span> <span class='ocrx_word' id='word_1_19' title='bbox 571 912 604 970; x_wconf 84' lang='lat' dir='ltr'>et</span> <span class='ocrx_word' id='word_1_20' title='bbox 628 905 794 973; x_wconf 75' lang='lat' dir='ltr'>institutio</span> <span class='ocrx_word' id='word_1_21' title='bbox 819 906 965 976; x_wconf 86' lang='lat' dir='ltr'>filiorum</span> 
     </span>
     <span class='ocr_line' id='line_1_6' title="bbox 86 1018 967 1108; baseline -0.007 -11"><span class='ocrx_word' id='word_1_22' title='bbox 86 1048 177 1098; x_wconf 80' lang='lat' dir='ltr'>&gt;rum</span> <span class='ocrx_word' id='word_1_23' title='bbox 205 1040 274 1093; x_wconf 71' lang='lat' dir='ltr'>cut</span> <span class='ocrx_word' id='word_1_24' title='bbox 299 1018 550 1108; x_wconf 77' lang='lat' dir='ltr'>principalium,</span> <span class='ocrx_word' id='word_1_25' title='bbox 573 1023 626 1088; x_wconf 76' lang='lat' dir='ltr'>uei</span> <span class='ocrx_word' id='word_1_26' title='bbox 651 1031 738 1089; x_wconf 86' lang='lat' dir='ltr'>terte</span> <span class='ocrx_word' id='word_1_27' title='bbox 755 1023 878 1091; x_wconf 73' lang='lat' dir='ltr'>lautum</span> <span class='ocrx_word' id='word_1_28' title='bbox 908 1025 967 1091; x_wconf 84' lang='lat' dir='ltr'>tii·</span> 
     </span>
    </p>

    <p class='ocr_par' dir='ltr' id='par_1_4' title="bbox 86 1119 967 1228">
     <span class='ocr_line' id='line_1_7' title="bbox 86 1119 967 1228; baseline -0.002 -12"><span class='ocrx_word' id='word_1_29' title='bbox 86 1152 164 1216; x_wconf 86' lang='lat' dir='ltr'>det</span> <span class='ocrx_word' id='word_1_30' title='bbox 194 1157 280 1215; x_wconf 85' lang='lat' dir='ltr'>cum</span> <span class='ocrx_word' id='word_1_31' title='bbox 306 1142 362 1210; x_wconf 78' lang='lat' dir='ltr'>iiia</span> <span class='ocrx_word' id='word_1_32' title='bbox 379 1119 540 1226; x_wconf 71' lang='lat' dir='ltr'>elegantia</span> <span class='ocrx_word' id='word_1_33' title='bbox 565 1146 747 1228; x_wconf 78' lang='lat' dir='ltr'>&#39;congruens</span> <span class='ocrx_word' id='word_1_34' title='bbox 774 1144 870 1211; x_wconf 85' lang='lat' dir='ltr'>&#39;civile</span> <span class='ocrx_word' id='word_1_35' title='bbox 895 1164 967 1214; x_wconf 88' lang='lat' dir='ltr'>utu·</span> 
     </span>
    </p>

    <p class='ocr_par' dir='ltr' id='par_1_5' title="bbox 86 1252 968 1571">
     <span class='ocr_line' id='line_1_8' title="bbox 86 1252 961 1344; baseline -0.002 -14"><span class='ocrx_word' id='word_1_36' title='bbox 86 1315 94 1337; x_wconf 87' lang='lat'>.</span> <span class='ocrx_word' id='word_1_37' title='bbox 139 1265 191 1330; x_wconf 75' lang='lat' dir='ltr'>At</span> <span class='ocrx_word' id='word_1_38' title='bbox 204 1252 351 1328; x_wconf 71' lang='lat' dir='ltr'>torenna</span> <span class='ocrx_word' id='word_1_39' title='bbox 369 1257 511 1342; x_wconf 80' lang='lat' dir='ltr'>titdignis</span> <span class='ocrx_word' id='word_1_40' title='bbox 526 1257 618 1324; x_wconf 80' lang='lat' dir='ltr'>etium</span> <span class='ocrx_word' id='word_1_41' title='bbox 635 1257 767 1343; x_wconf 84' lang='lat' dir='ltr'>fruens,</span> <span class='ocrx_word' id='word_1_42' title='bbox 789 1262 961 1344; x_wconf 86' lang='lat' dir='ltr'>Santenio,</span> 
     </span>
     <span class='ocr_line' id='line_1_9' title="bbox 86 1371 967 1461; baseline -0.008 -13"><span class='ocrx_word' id='word_1_43' title='bbox 86 1383 180 1448; x_wconf 82' lang='lat' dir='ltr'>tmuis</span> <span class='ocrx_word' id='word_1_44' title='bbox 198 1378 335 1461; x_wconf 84' lang='lat' dir='ltr'>digno,</span> <span class='ocrx_word' id='word_1_45' title='bbox 359 1391 482 1457; x_wconf 85' lang='lat' dir='ltr'>semper</span> <span class='ocrx_word' id='word_1_46' title='bbox 506 1374 638 1440; x_wconf 77' lang='lat' dir='ltr'>adversa</span> <span class='ocrx_word' id='word_1_47' title='bbox 662 1371 740 1441; x_wconf 89' lang='lat' dir='ltr'>fuit.</span> <span class='ocrx_word' id='word_1_48' title='bbox 784 1375 967 1442; x_wconf 73' lang='lat' dir='ltr'>Accedebat</span> 
     </span>
     <span class='ocr_line' id='line_1_10' title="bbox 88 1488 968 1571; baseline -0.005 -9"><span class='ocrx_word' id='word_1_49' title='bbox 88 1497 190 1562; x_wconf 88' lang='lat' dir='ltr'>etudo</span> <span class='ocrx_word' id='word_1_50' title='bbox 215 1492 446 1571; x_wconf 85' lang='lat' dir='ltr'>incommoda,</span> <span class='ocrx_word' id='word_1_51' title='bbox 470 1489 588 1556; x_wconf 87' lang='lat' dir='ltr'>studiis</span> <span class='ocrx_word' id='word_1_52' title='bbox 607 1488 757 1570; x_wconf 77' lang='lat' dir='ltr'>inimica,</span> <span class='ocrx_word' id='word_1_53' title='bbox 781 1490 845 1559; x_wconf 85' lang='lat' dir='ltr'>ser&#39;e</span> <span class='ocrx_word' id='word_1_54' title='bbox 870 1490 968 1558; x_wconf 91' lang='lat' dir='ltr'>medi·</span> 
     </span>
    </p>

    <p class='ocr_par' dir='ltr' id='par_1_6' title="bbox 107 1602 970 1694">
     <span class='ocr_line' id='line_1_11' title="bbox 107 1602 970 1694; baseline -0.003 -17"><span class='ocrx_word' id='word_1_55' title='bbox 107 1627 138 1677; x_wconf 94' lang='lat' dir='ltr'>et</span> <span class='ocrx_word' id='word_1_56' title='bbox 164 1607 373 1694; x_wconf 74' lang='lat' dir='ltr'>gymnastico</span> <span class='ocrx_word' id='word_1_57' title='bbox 397 1606 488 1672; x_wconf 89' lang='lat' dir='ltr'>victu</span> <span class='ocrx_word' id='word_1_58' title='bbox 513 1602 665 1690; x_wconf 53' lang='lat' dir='ltr'>regenda(</span> <span class='ocrx_word' id='word_1_59' title='bbox 712 1608 893 1673; x_wconf 75' lang='lat' dir='ltr'>Accedebat</span> <span class='ocrx_word' id='word_1_60' title='bbox 916 1627 970 1675; x_wconf 82' lang='lat' dir='ltr'>ct·</span> 
     </span>
    </p>

    <p class='ocr_par' dir='ltr' id='par_1_7' title="bbox 86 1719 969 2030">
     <span class='ocr_line' id='line_1_12' title="bbox 86 1719 969 1811; baseline -0.003 -20"><span class='ocrx_word' id='word_1_61' title='bbox 86 1744 101 1791; x_wconf 89' lang='lat' dir='ltr'>s</span> <span class='ocrx_word' id='word_1_62' title='bbox 123 1723 249 1807; x_wconf 76' lang='lat' dir='ltr'>patris,</span> <span class='ocrx_word' id='word_1_63' title='bbox 273 1719 371 1786; x_wconf 88' lang='lat' dir='ltr'>rebus</span> <span class='ocrx_word' id='word_1_64' title='bbox 390 1720 540 1786; x_wconf 81' lang='lat' dir='ltr'>&#39;nondum</span> <span class='ocrx_word' id='word_1_65' title='bbox 561 1720 773 1802; x_wconf 82' lang='lat' dir='ltr'>compositis,</span> <span class='ocrx_word' id='word_1_66' title='bbox 795 1734 902 1811; x_wconf 88' lang='lat' dir='ltr'>mente</span> <span class='ocrx_word' id='word_1_67' title='bbox 926 1722 969 1788; x_wconf 83' lang='lat' dir='ltr'>it·</span> 
     </span>
     <span class='ocr_line' id='line_1_13' title="bbox 86 1834 966 1920; baseline 0.001 -17"><span class='ocrx_word' id='word_1_68' title='bbox 86 1838 219 1918; x_wconf 73' lang='lat' dir='ltr'>tinctam,</span> <span class='ocrx_word' id='word_1_69' title='bbox 240 1836 313 1902; x_wconf 86' lang='lat' dir='ltr'>fiiio</span> <span class='ocrx_word' id='word_1_70' title='bbox 336 1851 403 1900; x_wconf 89' lang='lat' dir='ltr'>non</span> <span class='ocrx_word' id='word_1_71' title='bbox 420 1835 525 1899; x_wconf 86' lang='lat' dir='ltr'>solutu</span> <span class='ocrx_word' id='word_1_72' title='bbox 549 1834 732 1917; x_wconf 79' lang='lat' dir='ltr'>pt&#39;ttimunii</span> <span class='ocrx_word' id='word_1_73' title='bbox 755 1849 842 1920; x_wconf 85' lang='lat' dir='ltr'>spem</span> <span class='ocrx_word' id='word_1_74' title='bbox 860 1838 966 1904; x_wconf 83' lang='lat' dir='ltr'>udhuc</span> 
     </span>
     <span class='ocr_line' id='line_1_14' title="bbox 86 1950 968 2030; baseline 0.005 -12"><span class='ocrx_word' id='word_1_75' title='bbox 86 1967 206 2018; x_wconf 78' lang='lat' dir='ltr'>stentem</span> <span class='ocrx_word' id='word_1_76' title='bbox 226 1950 390 2030; x_wconf 76' lang='lat' dir='ltr'>adimens,</span> <span class='ocrx_word' id='word_1_77' title='bbox 423 1950 478 2015; x_wconf 90' lang='lat' dir='ltr'>sed</span> <span class='ocrx_word' id='word_1_78' title='bbox 507 1951 726 2019; x_wconf 84' lang='lat' dir='ltr'>necessitatem</span> <span class='ocrx_word' id='word_1_79' title='bbox 759 1953 854 2020; x_wconf 79' lang='lat' dir='ltr'>etium</span> <span class='ocrx_word' id='word_1_80' title='bbox 882 1955 968 2022; x_wconf 87' lang='lat' dir='ltr'>senis</span> 
     </span>
    </p>

    <p class='ocr_par' dir='ltr' id='par_1_8' title="bbox 86 2060 971 2267">
     <span class='ocr_line' id='line_1_15' title="bbox 87 2060 971 2148; baseline -0.003 -16"><span class='ocrx_word' id='word_1_81' title='bbox 87 2067 150 2132; x_wconf 81' lang='lat' dir='ltr'>endi</span> <span class='ocrx_word' id='word_1_82' title='bbox 175 2066 358 2148; x_wconf 89' lang='lat' dir='ltr'>imponens.</span> <span class='ocrx_word' id='word_1_83' title='bbox 405 2060 482 2148; x_wconf 81' lang='lat' dir='ltr'>Quo</span> <span class='ocrx_word' id='word_1_84' title='bbox 507 2061 559 2128; x_wconf 89' lang='lat' dir='ltr'>hic</span> <span class='ocrx_word' id='word_1_85' title='bbox 583 2063 690 2131; x_wconf 87' lang='lat' dir='ltr'>officio</span> <span class='ocrx_word' id='word_1_86' title='bbox 704 2070 906 2147; x_wconf 60' lang='lat' dir='ltr'>prpemodum</span> <span class='ocrx_word' id='word_1_87' title='bbox 926 2067 971 2130; x_wconf 90' lang='lat' dir='ltr'>itt</span> 
     </span>
     <span class='ocr_line' id='line_1_16' title="bbox 86 2183 971 2267; baseline -0.005 -14"><span class='ocrx_word' id='word_1_88' title='bbox 86 2204 186 2253; x_wconf 85' lang='lat' dir='ltr'>unctus</span> <span class='ocrx_word' id='word_1_89' title='bbox 200 2196 269 2267; x_wconf 84' lang='lat' dir='ltr'>ert,</span> <span class='ocrx_word' id='word_1_90' title='bbox 291 2192 329 2250; x_wconf 89' lang='lat' dir='ltr'>ut</span> <span class='ocrx_word' id='word_1_91' title='bbox 349 2201 481 2264; x_wconf 78' lang='lat' dir='ltr'>onmes,</span> <span class='ocrx_word' id='word_1_92' title='bbox 504 2186 605 2265; x_wconf 76' lang='lat' dir='ltr'>quum</span> <span class='ocrx_word' id='word_1_93' title='bbox 620 2196 709 2248; x_wconf 76' lang='lat' dir='ltr'>anter</span> <span class='ocrx_word' id='word_1_94' title='bbox 727 2183 796 2267; x_wconf 84' lang='lat' dir='ltr'>ejus</span> <span class='ocrx_word' id='word_1_95' title='bbox 816 2183 971 2250; x_wconf 89' lang='lat' dir='ltr'>eruditio·</span> 
     </span>
    </p>

    <p class='ocr_par' dir='ltr' id='par_1_9' title="bbox 86 2297 975 2385">
     <span class='ocr_line' id='line_1_17' title="bbox 86 2297 975 2385; baseline -0.001 -18"><span class='ocrx_word' id='word_1_96' title='bbox 86 2312 134 2368; x_wconf 82' lang='lat' dir='ltr'>teu</span> <span class='ocrx_word' id='word_1_97' title='bbox 155 2302 381 2385; x_wconf 74' lang='lat' dir='ltr'>agnovissent,</span> <span class='ocrx_word' id='word_1_98' title='bbox 402 2304 493 2365; x_wconf 81' lang='lat' dir='ltr'>bunc</span> <span class='ocrx_word' id='word_1_99' title='bbox 520 2298 667 2382; x_wconf 75' lang='lat' dir='ltr'>pietatem</span> <span class='ocrx_word' id='word_1_100' title='bbox 692 2312 845 2366; x_wconf 74' lang='lat' dir='ltr'>emerent.</span> <span class='ocrx_word' id='word_1_101' title='bbox 887 2297 975 2366; x_wconf 86' lang='lat' dir='ltr'>Vett-</span> 
     </span>
    </p>

    <p class='ocr_par' dir='ltr' id='par_1_10' title="bbox 86 2415 991 2615">
     <span class='ocr_line' id='line_1_18' title="bbox 86 2415 974 2499; baseline -0.005 -16"><span class='ocrx_word' id='word_1_102' title='bbox 86 2416 147 2483; x_wconf 81' lang='lat' dir='ltr'>didit</span> <span class='ocrx_word' id='word_1_103' title='bbox 166 2435 262 2483; x_wconf 86' lang='lat' dir='ltr'>tcmm</span> <span class='ocrx_word' id='word_1_104' title='bbox 286 2434 417 2486; x_wconf 79' lang='lat' dir='ltr'>emtum</span> <span class='ocrx_word' id='word_1_105' title='bbox 437 2431 468 2481; x_wconf 89' lang='lat' dir='ltr'>et</span> <span class='ocrx_word' id='word_1_106' title='bbox 491 2415 645 2480; x_wconf 86' lang='lat' dir='ltr'>librorum</span> <span class='ocrx_word' id='word_1_107' title='bbox 665 2431 820 2495; x_wconf 83' lang='lat' dir='ltr'>quantum</span> <span class='ocrx_word' id='word_1_108' title='bbox 848 2415 974 2499; x_wconf 88' lang='lat' dir='ltr'>potuit,</span> 
     </span>
     <span class='ocr_line' id='line_1_19' title="bbox 86 2524 991 2615; baseline -0.006 -21"><span class='ocrx_word' id='word_1_109' title='bbox 86 2545 187 2614; x_wconf 73' lang='lat' dir='ltr'>unque</span> <span class='ocrx_word' id='word_1_110' title='bbox 200 2531 368 2615; x_wconf 78' lang='lat' dir='ltr'>pecuniam</span> <span class='ocrx_word' id='word_1_111' title='bbox 387 2530 427 2596; x_wconf 84' lang='lat' dir='ltr'>ad</span> <span class='ocrx_word' id='word_1_112' title='bbox 444 2525 543 2611; x_wconf 80' lang='lat' dir='ltr'>putris</span> <span class='ocrx_word' id='word_1_113' title='bbox 565 2527 761 2592; x_wconf 75' lang='lat' dir='ltr'>curationem</span> <span class='ocrx_word' id='word_1_114' title='bbox 776 2524 991 2611; x_wconf 17' lang='lat' dir='ltr'>alimonium-K</span> 
     </span>
    </p>

    <p class='ocr_par' dir='ltr' id='par_1_11' title="bbox 86 2637 975 2729">
     <span class='ocr_line' id='line_1_20' title="bbox 86 2637 975 2729; baseline -0.007 -16"><span class='ocrx_word' id='word_1_115' title='bbox 86 2664 126 2729; x_wconf 71' lang='lat' dir='ltr'>tut</span> <span class='ocrx_word' id='word_1_116' title='bbox 145 2637 290 2717; x_wconf 67' lang='lat' dir='ltr'>contulit.¹</span> <span class='ocrx_word' id='word_1_117' title='bbox 337 2646 411 2713; x_wconf 85' lang='lat' dir='ltr'>Hoc</span> <span class='ocrx_word' id='word_1_118' title='bbox 437 2663 558 2726; x_wconf 89' lang='lat' dir='ltr'>unum,</span> <span class='ocrx_word' id='word_1_119' title='bbox 589 2643 681 2710; x_wconf 89' lang='lat' dir='ltr'>sinii</span> <span class='ocrx_word' id='word_1_120' title='bbox 699 2641 807 2721; x_wconf 80' lang='lat' dir='ltr'>uliud,</span> <span class='ocrx_word' id='word_1_121' title='bbox 833 2643 910 2707; x_wconf 90' lang='lat' dir='ltr'>bene</span> <span class='ocrx_word' id='word_1_122' title='bbox 929 2638 975 2708; x_wconf 78' lang='lat' dir='ltr'>fa·</span> 
     </span>
    </p>

    <p class='ocr_par' dir='ltr' id='par_1_12' title="bbox 86 2755 1145 3885">
     <span class='ocr_line' id='line_1_21' title="bbox 86 2755 1054 2842; baseline -0.002 -18"><span class='ocrx_word' id='word_1_123' title='bbox 86 2773 145 2825; x_wconf 79' lang='lat' dir='ltr'>‚tum</span> <span class='ocrx_word' id='word_1_124' title='bbox 166 2763 193 2827; x_wconf 90' lang='lat' dir='ltr'>ei</span> <span class='ocrx_word' id='word_1_125' title='bbox 217 2760 365 2829; x_wconf 90' lang='lat' dir='ltr'>omnium</span> <span class='ocrx_word' id='word_1_126' title='bbox 391 2761 608 2842; x_wconf 89' lang='lat' dir='ltr'>potentiorum</span> <span class='ocrx_word' id='word_1_127' title='bbox 637 2756 755 2823; x_wconf 82' lang='lat' dir='ltr'>citium</span> <span class='ocrx_word' id='word_1_128' title='bbox 782 2757 904 2823; x_wconf 82' lang='lat' dir='ltr'>enimot</span> <span class='ocrx_word' id='word_1_129' title='bbox 919 2755 976 2822; x_wconf 83' lang='lat' dir='ltr'>ud·</span> <span class='ocrx_word' id='word_1_130' title='bbox 1052 2806 1054 2813; x_wconf 88' lang='lat'><em>.</em></span> 
     </span>
     <span class='ocr_line' id='line_1_22' title="bbox 86 2874 973 2960; baseline -0.003 -21"><span class='ocrx_word' id='word_1_131' title='bbox 86 2876 203 2960; x_wconf 76' lang='lat' dir='ltr'>iungere,</span> <span class='ocrx_word' id='word_1_132' title='bbox 224 2892 367 2958; x_wconf 84' lang='lat' dir='ltr'>eumque</span> <span class='ocrx_word' id='word_1_133' title='bbox 389 2877 427 2941; x_wconf 86' lang='lat' dir='ltr'>td</span> <span class='ocrx_word' id='word_1_134' title='bbox 442 2875 598 2941; x_wconf 82' lang='lat' dir='ltr'>luculenti</span> <span class='ocrx_word' id='word_1_135' title='bbox 616 2877 755 2941; x_wconf 82' lang='lat' dir='ltr'>muneris</span> <span class='ocrx_word' id='word_1_136' title='bbox 775 2874 973 2956; x_wconf 80' lang='lat' dir='ltr'>adeptionem</span> 
     </span>
     <span class='ocr_line' id='line_1_23' title="bbox 86 2987 976 3074; baseline -0.001 -18"><span class='ocrx_word' id='word_1_137' title='bbox 86 2994 271 3059; x_wconf 76' lang='lat' dir='ltr'>mummdtre</span> <span class='ocrx_word' id='word_1_138' title='bbox 288 2990 438 3058; x_wconf 82' lang='lat' dir='ltr'>debebat.</span> <span class='ocrx_word' id='word_1_139' title='bbox 479 2988 719 3074; x_wconf 82' lang='lat' dir='ltr'>Nequicquam.</span> <span class='ocrx_word' id='word_1_140' title='bbox 768 2990 825 3056; x_wconf 88' lang='lat' dir='ltr'>Nil</span> <span class='ocrx_word' id='word_1_141' title='bbox 851 2987 976 3073; x_wconf 77' lang='lat' dir='ltr'>profuit</span> 
     </span>
     <span class='ocr_line' id='line_1_24' title="bbox 86 3103 974 3192; baseline 0.005 -20"><span class='ocrx_word' id='word_1_142' title='bbox 86 3103 181 3184; x_wconf 72' lang='lat' dir='ltr'>pictur</span> <span class='ocrx_word' id='word_1_143' title='bbox 199 3110 245 3175; x_wconf 85' lang='lat' dir='ltr'>nii</span> <span class='ocrx_word' id='word_1_144' title='bbox 271 3107 399 3192; x_wconf 83' lang='lat' dir='ltr'>profuit</span> <span class='ocrx_word' id='word_1_145' title='bbox 415 3109 652 3176; x_wconf 82' lang='lat' dir='ltr'>commendatio</span> <span class='ocrx_word' id='word_1_146' title='bbox 670 3109 816 3191; x_wconf 81' lang='lat' dir='ltr'>quumvis</span> <span class='ocrx_word' id='word_1_147' title='bbox 838 3110 974 3192; x_wconf 78' lang='lat' dir='ltr'>diligens</span> 
     </span>
     <span class='ocr_line' id='line_1_25' title="bbox 86 3200 1073 3306; baseline 0.01 -24"><span class='ocrx_word' id='word_1_148' title='bbox 86 3231 263 3304; x_wconf 62' lang='lat' dir='ltr'>emuna</span> <span class='ocrx_word' id='word_1_149' title='bbox 283 3221 498 3305; x_wconf 73' lang='lat' dir='ltr'>nutarent,</span> <span class='ocrx_word' id='word_1_150' title='bbox 527 3223 749 3306; x_wconf 71' lang='lat' dir='ltr'>vaterenartt,</span> <span class='ocrx_word' id='word_1_151' title='bbox 777 3224 976 3304; x_wconf 75' lang='lat' dir='ltr'>nurumque</span> <span class='ocrx_word' id='word_1_152' title='bbox 1069 3200 1073 3210; x_wconf 83' lang='lat'>&#39;</span> 
     </span>
     <span class='ocr_line' id='line_1_26' title="bbox 86 3339 979 3424; baseline 0.009 -24"><span class='ocrx_word' id='word_1_153' title='bbox 86 3350 252 3404; x_wconf 85' lang='lat' dir='ltr'>mutuorum</span> <span class='ocrx_word' id='word_1_154' title='bbox 270 3340 428 3407; x_wconf 83' lang='lat' dir='ltr'>uirorum.</span> <span class='ocrx_word' id='word_1_155' title='bbox 463 3339 564 3424; x_wconf 82' lang='lat' dir='ltr'>igitur</span> <span class='ocrx_word' id='word_1_156' title='bbox 580 3340 742 3422; x_wconf 79' lang='lat' dir='ltr'>acquievit</span> <span class='ocrx_word' id='word_1_157' title='bbox 758 3340 790 3405; x_wconf 91' lang='lat' dir='ltr'>in</span> <span class='ocrx_word' id='word_1_158' title='bbox 810 3359 903 3422; x_wconf 88' lang='lat' dir='ltr'>opere</span> <span class='ocrx_word' id='word_1_159' title='bbox 921 3360 979 3408; x_wconf 85' lang='lat' dir='ltr'>vo·</span> 
     </span>
     <span class='ocr_line' id='line_1_27' title="bbox 86 3443 978 3538; baseline 0.008 -25"><span class='ocrx_word' id='word_1_160' title='bbox 86 3443 200 3519; x_wconf 75' lang='lat' dir='ltr'>luntario</span> <span class='ocrx_word' id='word_1_161' title='bbox 222 3452 445 3536; x_wconf 86' lang='lat' dir='ltr'>Repetitorist</span> <span class='ocrx_word' id='word_1_162' title='bbox 477 3456 714 3538; x_wconf 84' lang='lat' dir='ltr'>adoiesceutes,</span> <span class='ocrx_word' id='word_1_163' title='bbox 746 3472 834 3532; x_wconf 88' lang='lat' dir='ltr'>more</span> <span class='ocrx_word' id='word_1_164' title='bbox 859 3458 978 3524; x_wconf 80' lang='lat' dir='ltr'>Acade·</span> 
     </span>
     <span class='ocr_line' id='line_1_28' title="bbox 86 3564 1112 3656; baseline 0.008 -24"><span class='ocrx_word' id='word_1_165' title='bbox 86 3564 169 3648; x_wconf 83' lang='lat' dir='ltr'>uico,</span> <span class='ocrx_word' id='word_1_166' title='bbox 193 3568 227 3634; x_wconf 90' lang='lat' dir='ltr'>in</span> <span class='ocrx_word' id='word_1_167' title='bbox 248 3568 507 3653; x_wconf 87' lang='lat' dir='ltr'>Jurisprudentit</span> <span class='ocrx_word' id='word_1_168' title='bbox 534 3572 664 3656; x_wconf 78' lang='lat' dir='ltr'>gradum</span> <span class='ocrx_word' id='word_1_169' title='bbox 690 3566 848 3639; x_wconf 83' lang='lat' dir='ltr'>Ductoris</span> <span class='ocrx_word' id='word_1_170' title='bbox 869 3590 980 3653; x_wconf 88' lang='lat' dir='ltr'>peten·</span> <span class='ocrx_word' id='word_1_171' title='bbox 1109 3626 1112 3631; x_wconf 91' lang='lat'>.</span> 
     </span>
     <span class='ocr_line' id='line_1_29' title="bbox 86 3661 1145 3783; baseline 0.014 -40"><span class='ocrx_word' id='word_1_172' title='bbox 86 3691 141 3763; x_wconf 66' lang='lat' dir='ltr'>ut,</span> <span class='ocrx_word' id='word_1_173' title='bbox 159 3684 278 3752; x_wconf 77' lang='lat' dir='ltr'>scholis</span> <span class='ocrx_word' id='word_1_174' title='bbox 299 3686 502 3770; x_wconf 84' lang='lat' dir='ltr'>repetendis,</span> <span class='ocrx_word' id='word_1_175' title='bbox 524 3688 801 3783; x_wconf 81' lang='lat' dir='ltr'>disputationibus</span> <span class='ocrx_word' id='word_1_176' title='bbox 819 3689 982 3756; x_wconf 88' lang='lat' dir='ltr'>thesibus·</span> <span class='ocrx_word' id='word_1_177' title='bbox 1139 3661 1145 3674; x_wconf 41' lang='lat'>⁵</span> 
     </span>
     <span class='ocr_line' id='line_1_30' title="bbox 89 3799 981 3885; baseline 0.01 -23"><span class='ocrx_word' id='word_1_178' title='bbox 89 3809 138 3873; x_wconf 72' lang='lat' dir='ltr'>que</span> <span class='ocrx_word' id='word_1_179' title='bbox 164 3799 442 3883; x_wconf 74' lang='lat' dir='ltr'>commentandis,</span> <span class='ocrx_word' id='word_1_180' title='bbox 485 3802 525 3867; x_wconf 83' lang='lat' dir='ltr'>ud</span> <span class='ocrx_word' id='word_1_181' title='bbox 552 3802 783 3885; x_wconf 70' lang='lat' dir='ltr'>§probationem</span> <span class='ocrx_word' id='word_1_182' title='bbox 813 3805 981 3872; x_wconf 82' lang='lat' dir='ltr'>instruxit.</span> 
     </span>
    </p>
   </div>
   <div class='ocr_carea' id='block_1_4' title="bbox 89 3907 989 4124">
    <p class='ocr_par' dir='ltr' id='par_1_13' title="bbox 89 3907 989 4124">
     <span class='ocr_line' id='line_1_31' title="bbox 90 3907 989 4008; baseline 0.016 -33"><span class='ocrx_word' id='word_1_183' title='bbox 90 3907 141 3975; x_wconf 78' lang='lat' dir='ltr'>Sti</span> <span class='ocrx_word' id='word_1_184' title='bbox 160 3917 253 3983; x_wconf 84' lang='lat' dir='ltr'>multo</span> <span class='ocrx_word' id='word_1_185' title='bbox 279 3917 376 3984; x_wconf 80' lang='lat' dir='ltr'>etiem</span> <span class='ocrx_word' id='word_1_186' title='bbox 403 3917 498 3983; x_wconf 82' lang='lat' dir='ltr'>iatius</span> <span class='ocrx_word' id='word_1_187' title='bbox 530 3918 650 3987; x_wconf 88' lang='lat' dir='ltr'>hocin</span> <span class='ocrx_word' id='word_1_188' title='bbox 677 3940 788 4003; x_wconf 82' lang='lat' dir='ltr'>genere</span> <span class='ocrx_word' id='word_1_189' title='bbox 815 3924 915 4008; x_wconf 82' lang='lat' dir='ltr'>patuit</span> <span class='ocrx_word' id='word_1_190' title='bbox 938 3923 989 3990; x_wconf 91' lang='lat' dir='ltr'>in·</span> 
     </span>
     <span class='ocr_line' id='line_1_32' title="bbox 89 4012 989 4124; baseline 0.014 -29"><span class='ocrx_word' id='word_1_191' title='bbox 89 4030 193 4101; x_wconf 81' lang='lat' dir='ltr'>dutttir</span> <span class='ocrx_word' id='word_1_192' title='bbox 222 4037 380 4105; x_wconf 75' lang='lat' dir='ltr'>Sentenii.</span> <span class='ocrx_word' id='word_1_193' title='bbox 432 4036 540 4118; x_wconf 82' lang='lat' dir='ltr'>Nem,</span> <span class='ocrx_word' id='word_1_194' title='bbox 569 4040 737 4124; x_wconf 86' lang='lat' dir='ltr'>juventute</span> <span class='ocrx_word' id='word_1_195' title='bbox 760 4012 917 4108; x_wconf 75' lang='lat' dir='ltr'>continuo</span> <span class='ocrx_word' id='word_1_196' title='bbox 948 4037 989 4108; x_wconf 84' lang='lat' dir='ltr'>ud</span> 
     </span>
    </p>
   </div>
   <div class='ocr_carea' id='block_1_5' title="bbox 96 4143 991 4371">
    <p class='ocr_par' dir='ltr' id='par_1_14' title="bbox 96 4143 991 4371">
     <span class='ocr_line' id='line_1_33' title="bbox 96 4143 989 4238; baseline 0.009 -21"><span class='ocrx_word' id='word_1_197' title='bbox 96 4143 210 4219; x_wconf 81' lang='lat' dir='ltr'>Gnectt</span> <span class='ocrx_word' id='word_1_198' title='bbox 224 4150 425 4238; x_wconf 74' lang='lat' dir='ltr'>Latiumque</span> <span class='ocrx_word' id='word_1_199' title='bbox 447 4152 571 4222; x_wconf 83' lang='lat' dir='ltr'>Litetcs</span> <span class='ocrx_word' id='word_1_200' title='bbox 591 4155 746 4227; x_wconf 82' lang='lat' dir='ltr'>buttuttdt</span> <span class='ocrx_word' id='word_1_201' title='bbox 769 4174 802 4226; x_wconf 93' lang='lat' dir='ltr'>et</span> <span class='ocrx_word' id='word_1_202' title='bbox 818 4160 989 4225; x_wconf 84' lang='lat' dir='ltr'>instituen-</span> 
     </span>
     <span class='ocr_line' id='line_1_34' title="bbox 126 4260 991 4371; baseline 0.01 -36"><span class='ocrx_word' id='word_1_203' title='bbox 126 4260 187 4338; x_wconf 64' lang='lat' dir='ltr'>Vnt.</span> <span class='ocrx_word' id='word_1_204' title='bbox 206 4269 250 4342; x_wconf 90' lang='lat'>11.</span> <span class='ocrx_word' id='word_1_205' title='bbox 563 4271 591 4342; x_wconf 75' lang='lat' dir='ltr'>F</span> <span class='ocrx_word' id='word_1_206' title='bbox 928 4273 991 4371; x_wconf 76' lang='lat' dir='ltr'>dt,</span> 
     </span>
    </p>
   </div>
   <div class='ocr_carea' id='block_1_6' title="bbox 0 0 1186 4936">
    <p class='ocr_par' dir='ltr' id='par_1_15' title="bbox 0 0 1186 4936">
     <span class='ocr_line' id='line_1_35' title="bbox 0 0 1186 4936; baseline 0 0"><span class='ocrx_word' id='word_1_207' title='bbox 0 0 1186 4936; x_wconf 95' lang='lat' dir='ltr'> </span> 
     </span>
    </p>
   </div>
  </div>
 </body>
</html>
