2362 4936
145 617 236 695 ns
289 613 626 696 nurnero
676 572 959 715 morsm,

100 828 187 879 vero
216 809 270 875 hie
307 803 440 877 omnino
465 823 484 872 s
515 802 729 872 veteratione
750 805 874 873 aberret
895 808 958 894 Jo.

86 935 170 1014 ius,
196 947 298 1014 quum
316 928 378 993 hoc
405 927 445 993 de
468 924 600 1011 Judreir
629 938 660 989 et
677 922 767 991 Lacu
785 926 958 1008 Asphalti-

90 1042 236 1128 rcelpits
265 1040 389 1125 Solymi
426 1037 542 1122 populi
575 1051 607 1103 et
634 1054 759 1106 montes
787 1039 822 1106 in
846 1038 954 1124 Lyris

86 1164 208 1231 irunt
239 1161 327 1244 apud
361 1157 550 1235 Historicos
582 1171 614 1223 et
640 1171 772 1241 poetas:
808 1157 843 1224 hi
869 1159 955 1253 ultro¹
1078 1217 1082 1225 .

86 1298 188 1351 mum
211 1277 418 1362 ponebantur
440 1270 481 1340 ab
500 1271 661 1354 Homero,
682 1275 779 1358 cujus
797 1273 841 1339 rei
858 1290 954 1343 crnsr

109 1396 247 1481 explieu
271 1393 390 1463 Strabo
409 1396 437 1463 1.
464 1413 500 1490 p.
518 1409 572 1476 39.
599 1408 695 1473 quem
726 1392 755 1459 si
774 1391 849 1475 quis
866 1410 956 1459 com·

86 1527 121 1581 et
144 1530 217 1581 tum
242 1510 294 1577 his
328 1510 502 1591 versibus,
533 1505 663 1577 minime
688 1504 836 1592 profecto
862 1509 957 1577 dubi·

86 1675 94 1711 ‚
116 1628 306 1699 Choerilum
335 1629 373 1695 de
401 1623 546 1709 Solymis
573 1622 690 1707 Lyciis
714 1622 860 1706 dixisse,
889 1642 949 1691 eo·

86 1762 163 1829 tque
186 1743 288 1814 situm
307 1743 346 1808 sd
374 1742 553 1825 exemplum
581 1739 715 1807 Homeri
736 1739 952 1825 significasse,

86 1879 149 1930 rum
166 1872 302 1933 nonest
319 1860 464 1943 quodue
488 1859 644 1932 hocloco
664 1853 759 1944 plura
781 1859 954 1943 dicemur,
996 1874 1000 1885 ·

86 1976 216 2046 nrum
244 1977 414 2062 egregios,
444 1975 643 2060 scaligerum
675 1990 708 2042 et
733 1975 953 2067 socorsum,

104 2090 145 2159 ιδ
160 2089 300 2177 josephi
322 2091 444 2158 editore
465 2089 499 2156 in
521 2088 613 2156 Note
633 2090 816 2157 laudentur.

86 2182 350 2292 'ergitJoseohus
368 2208 408 2271 rd
434 2205 517 2274 slios
534 2207 717 2287 Auctores,
740 2206 862 2288 quibus
883 2205 951 2275 effis
1028 2290 1033 2302 ι

92 2319 266 2407 ,Judreor
285 2321 372 2403 apud
386 2319 465 2399 sliss
483 2335 679 2403 gentesnon
698 2334 821 2388 tantum
836 2323 953 2407 cogni·

89 2433 221 2515 fuisse,
243 2434 299 2500 ssd
327 2452 460 2521 qrroqne
477 2433 651 2517 sapientise
671 2433 797 2500 laudem
814 2433 949 2523 lrsbuirq

110 2554 222 2640 Igitur
246 2551 405 2635 excitatur
430 2553 636 2623 Aristoteles.
683 2554 850 2640 Magnus,
871 2572 950 2638 pro·

86 2689 132 2754 o,
146 2667 284 2736 ructor!
325 2672 403 2761 Quo
423 2666 532 2751 libro,
556 2686 624 2752 quo
640 2667 739 2735 loco?
785 2667 950 2736 Nimirum

86 2782 230 2853 :lesrelro
259 2781 483 2849 induciturin
509 2780 674 2865 Dislogoe
706 2798 887 2849 memorans
909 2786 952 2853 de

86 2918 142 2967 reo
156 2899 297 2984 quodem
325 2898 468 2982 sapiente
486 2910 518 2964 et
532 2898 572 2964 de
586 2899 656 2984 ejus
671 2915 766 2983 gente
779 2917 817 2969 ec
833 2899 949 2982 patria.

86 3034 204 3099 neruo,
217 3029 250 3083 et
267 3013 397 3082 minime
414 3013 588 3082 verisimile
605 3029 655 3081 est
680 3015 767 3080 hunc
793 3014 904 3093 locum
930 2994 983 3085 α’.
1058 3069 1064 3079 .

86 3126 184 3197 rrclro
200 3147 293 3211 esse,
317 3146 352 3193 ut
367 3131 462 3196 docte
478 3128 620 3196 ostendit
633 3129 685 3194 sir
699 3130 869 3214 egregius,
883 3128 945 3215 Jo.

86 3234 154 3312 siris
177 3243 217 3319 de
246 3243 470 3327 scriptoribus
498 3243 589 3314 Hist.
606 3245 696 3311 Phil.
716 3238 754 3324 1,
780 3248 832 3312 18.
864 3257 896 3311 et
918 3244 949 3315 si

88 3357 229 3430 maxime
247 3376 419 3444 germanus
434 3374 542 3440 esset,
557 3373 654 3440 atque
670 3378 689 3424 a
706 3357 887 3440 Cleerclro,
905 3376 953 3425 te.

86 3492 104 3541 e
125 3474 203 3558 quis
220 3476 302 3541 hanc
319 3475 514 3560 Judaeotum
532 3477 726 3549 mentionem
746 3474 813 3560 ipsi
830 3476 952 3545 tribuet

86 3592 218 3676 stoteli3
240 3593 364 3678 qnippe
384 3595 442 3677 qui
459 3612 516 3678 per
535 3595 748 3679 Dialogorum
766 3613 884 3663 morem
904 3597 953 3664 in.

86 3711 152 3777 itnr
178 3726 215 3775 ea
242 3711 378 3792 dicens,
400 3728 481 3792 quse
503 3711 662 3781 clearcho
687 3710 822 3797 fingenti
840 3715 953 3783 viden·

86 3872 96 3909 ,
117 3843 191 3893 non
207 3843 290 3909 quse
309 3829 379 3911 ipse
394 3845 469 3900 vere
483 3828 578 3902 dixit.
624 3831 716 3907 Hane
738 3845 842 3899 tamen
857 3831 951 3918 Jose·

96 3941 327 4010 auctoritatem
354 3941 465 4010 Patres
488 3942 735 4030 Ecclesiastiei,
762 3967 798 4015 ur
815 3951 949 4030 solent,

88 4072 243 4142 uuntur,
268 4077 364 4143 atque
382 4062 504 4145 passim
515 4061 666 4147 jactant,
684 4063 879 4148 Judneotum
899 4080 952 4129 ss·

86 4190 184 4249 rosus
199 4175 240 4253 sb
256 4175 330 4264 ipso
347 4177 523 4252 Aristotele
537 4165 727 4257 seleonon
759 4197 841 4251 esse.
887 4177 950 4249 Sed

912 4312 952 4371 <X
