2362 4936
2 39 1006 245 -

160 592 228 697 5⁵⁶
370 572 552 673 n‘elrun
572 570 877 677 uraniae-'-

34 828 37 841 =
164 782 295 859 issidue
309 787 496 871 interesset,
519 788 580 857 alia
598 794 630 858 et
656 790 744 856 varia
768 804 956 877 ergumtme
977 808 1006 860 se

167 896 257 973 ¹domi
280 916 451 985 tractaret,
473 922 533 970 nee
556 904 714 972 sodalium
738 904 850 975 officiis
869 908 1006 991 abesset,

167 1008 232 1087 tam
252 1015 363 1084 multis
379 1016 476 1084 rebus
495 1034 596 1099 quum
615 1033 741 1102 tempus
759 1037 826 1086 oon
845 1022 1006 1105 suppedita

166 1132 251 1201 illud
273 1132 422 1217 eorporis
453 1152 571 1217 curae,
611 1136 818 1217 recreationi,
854 1137 1006 1205 subuleo<

169 1250 445 1333 quletl,·somno
474 1249 646 1318 subtraxit.
691 1255 807 1334 ltaque
828 1250 1006 1319 valetumia

169 1362 273 1448 marl,
294 1364 698 1433 inflammationefaueium
715 1363 1003 1450 tenuerintque&

168 1479 277 1548 fectus
301 1480 341 1547 ad
365 1498 417 1547 me
439 1479 611 1565 aliquando
636 1481 723 1548 veuit
746 1483 865 1548 lectum
883 1480 1006 1566 se'riptiot

168 1596 341 1683 quamdam
367 1613 483 1664 suatur
503 1595 672 1662 suadebam
690 1596 718 1660 ei
739 1586 1006 1663 medicum'amibt

169 1703 379 1798 promittebat
395 1729 430 1777 se
448 1709 630 1778 facturum:
640 1726 797 1777 caeterum
810 1710 859 1780 ull
872 1710 1006 1795 whole

169 1820 259 1901 ure:
284 1828 389 1897 tamen
420 1831 611 1896 studendum
635 1848 811 1897 essetnec
837 1831 1006 1899 enitaalnu

169 1944 234 2015 tilis
252 1946 353 2013 vitatu
376 1946 503 2012 sitalem
529 1945 612 2014 iore.
656 1946 820 2015 Discessit
836 1951 855 2015 a
871 1948 1006 2015 memor

50 2094 54 2099 ·
140 2074 143 2081 ·
169 2060 231 2131 nbi
247 2062 403 2129 medicum
419 2061 546 2143 quidem
563 2062 752 2129 amessiait:
771 2077 804 2129 at
817 2064 878 2131 iilo
894 2062 994 2144 imao,

16 2182 20 2189 '
169 2174 260 2244 litam
290 2176 375 2242 vitae
396 2176 644 2259 studiorumque
666 2179 820 2243 rationem
843 2166 1006 2260 sennem!

169 2292 247 2360 aius
263 2306 445 2379 aegrotare,
468 2278 653 2378 sauguinem
672 2308 845 2377 exspuere,
869 2292 1006 2361 ainilrbas

172 2408 400 2480 affectionibus
431 2407 565 2493 premi,
594 2394 697 2493 ¹quaei
721 2409 783 2492 ipsi
808 2428 886 2477 sero
908 2405 1006 2477 nuel

172 2524 337 2611 'quaerenti
366 2538 499 2591 mortem
526 2526 715 2592 attulerunt.
759 2523 908 2609 Reliquit
922 2524 1006 2611 apum

170 2650 251 2723 nes,
276 2642 333 2723 qui
356 2658 430 2706 eum
449 2655 586 2722 norant,
608 2640 694 2707 baud
710 2640 875 2726 vulgarem
896 2650 1006 2708 moeror

171 2757 263 2840 quod
291 2757 324 2822 iu
350 2754 522 2836 motibus,
553 2756 679 2837 vultu,
710 2770 741 2820 et
773 2773 938 2839 sermone,
964 2753 1006 2820 alat

170 2886 204 2940 et
227 2870 436 2940 humanitatis
466 2870 660 2958 singularem
695 2870 864 2940 habuisset
888 2869 1006 2960 erpuino

167 3006 255 3060 nem.

172 3108 176 3117 '
215 3100 260 3173 X.
289 3102 434 3172 Tandem
452 3121 514 3172 nos
529 3102 617 3170 tristi
634 3104 844 3188 parentalium
859 3102 1006 3176 officiolo

97 3282 103 3303 ,
170 3237 253 3291 etos·
272 3220 499 3306 sperabamus,
521 3239 620 3304 quum
647 3240 760 3289 rursus
779 3224 890 3290 eodem
912 3234 1006 3290 revolt

172 3338 265 3407 obitu
289 3339 446 3405 luctuoso
460 3335 535 3424 Jaui
560 3336 645 3405 Petri
670 3357 731 3407 van
757 3332 1006 3425 merlemont

171 3454 294 3525 scentis
312 3454 530 3539 ornatissimi,
551 3453 708 3537 discipuli
729 3454 835 3521 nostri
864 3474 942 3524 sane
957 3448 1006 3539 pro*

169 3569 280 3638 Natus
295 3573 347 3638 hic
361 3570 480 3639 Leidae
486 3570 674 3653 parentibus
684 3568 999 3654 honestissimis,bis

171 3685 329 3765 urbatus,
360 3702 433 3753 eum
460 3685 557 3751 fratre
578 3687 701 3752 minore
724 3686 855 3752 relictus
881 3688 995 3755 tutelae

167 3803 393 3887 pinquorum,
416 3802 619 3881 prudentium
638 3802 802 3883 virorum,
820 3803 861 3868 ab
879 3803 1006 3873 boram¹

164 3916 216 3986 V.
242 3918 286 3986 R.
309 3934 370 3984 van
386 3916 525 3999 Geuns,
547 3920 692 3986 laudatae
716 3917 792 3985 viro
806 3919 1006 3987 doetrinaee

170 4037 327 4116 tantiae,
349 4032 672 4119 Telelolraptistamm
696 4052 775 4103 tunc
790 4036 880 4116 apud
904 4034 1006 4105 Leiria

171 4172 262 4230 lune
276 4154 362 4241 apud
381 4152 721 4251 limatelodamenses,
742 4152 973 4239 Ecclesiaste,
990 4171 1006 4220 a
