2362 4936
731 338 736 353 Ι

209 544 212 553 ·
284 544 364 620 no
414 524 816 628 nosenrrrnr'.
964 553 1021 636 «ι
1093 498 1095 504 ’

117 728 386 805 monstrantium
400 737 545 821 collega,
558 735 623 805 fuit
637 756 713 806 eane
730 743 843 813 multia
859 747 911 815 vir
925 750 1016 838 inge·

123 852 165 919 nti
182 851 292 918 dodbua
309 864 468 930 ornatur,
489 851 660 936 idemque,
683 871 719 922 ut
741 859 774 924 in
799 863 1020 936 materiaera·

121 966 227 1049 rknte,
243 968 429 1051 perdoctus.
464 966 548 1034 Nam
563 969 637 1053 ipae
648 986 739 1039 antea
753 973 878 1044 Literas
894 995 926 1046 et
940 982 1019 1051 Phi·

122 1081 274 1163 looopbirm
300 1082 481 1164 docuerat,
503 1097 581 1149 tunc
607 1084 820 1174 Theologlam
846 1107 878 1159 et
899 1094 1022 1164 Histo-

122 1194 183 1261 rian
201 1194 458 1263 Ecclesiasticam
478 1197 635 1281 docebat}
658 1216 695 1267 ut
721 1205 892 1290 utriunque
906 1211 1018 1277 ratbe-

119 1308 176 1373 dne
188 1324 279 1391 partes
301 1309 453 1393 cognitae
480 1312 595 1379 habere
613 1314 758 1398 deberet,
784 1331 816 1384 et
832 1319 959 1388 haberet
972 1323 1017 1390 ad

120 1433 177 1484 eun
188 1437 260 1486 certe
272 1421 426 1502 modum,
450 1441 517 1504 quo
531 1439 562 1489 et
576 1425 779 1511 discentibua
795 1430 1020 1519 satisfaceret,

122 1549 148 1600 ot
164 1538 232 1619 apud
251 1539 333 1605 alios
367 1539 513 1607 homines
531 1542 620 1609 dotti
636 1542 838 1613 professoris
855 1549 1017 1616 existima·
1091 1594 1103 1634 ·,

119 1651 213 1718 tiouun
230 1666 382 1720 tumetrar.
426 1652 551 1720 Na‘tura
571 1654 601 1720 ei
616 1674 684 1722 eam
705 1659 863 1727 sermonis
882 1660 1017 1729 faculta-

123 1783 195 1855 ten,
226 1788 297 1837 eum
322 1772 456 1861 vultum
479 1773 718 1854 oculorumque
746 1773 1018 1858 atgniiicationem

121 1883 268 1968 tribuerat,
299 1901 339 1952 ut
363 1885 462 1952 dictio
484 1889 553 1955 auis
581 1893 727 1958 multum.
743 1891 940 1978 perpetue
965 1893 1020 1962 uel

117 2003 294 2071 auctoritatis
317 2003 432 2072 addere
449 2019 582 2087 posset:
606 2019 762 2091 praeterea
775 2008 810 2074 in
828 2006 1021 2088 scribendo.

116 2114 253 2181 nubebat
269 2131 376 2182 autem
397 2114 546 2201 Belgica,
566 2119 727 2219 quequi
744 2119 870 2189 ualebat
886 2141 1023 2205 corapo-

116 2229 226 2297 aitionia
248 2232 468 2315 proprietate,
500 2252 565 2316 qua
582 2250 769 2318 armamenta
796 2235 836 2302 ob
861 2236 935 2304 aliie
952 2237 1022 2321 ian

118 2359 256 2429 tractata,
276 2367 334 2415 aua
365 2349 438 2432 ipse
456 2351 600 2418 doctrina
616 2352 788 2420 erratione
809 2353 856 2421 ina
875 2367 1028 2421 tetram

110 2468 167 2546 ret,
200 2481 235 2533 ut
257 2485 343 2534 nova
374 2480 406 2532 et
435 2465 545 2548 ipsius
570 2463 701 2550 ingenio
729 2481 802 2533 nata
827 2467 1028 2538 uiderentur..

107 2582 182 2651 Nam
199 2599 231 2651 et
244 2587 309 2652 saie
324 2583 511 2650 abundabat
526 2597 557 2648 et
571 2578 764 2650 festivitatea
782 2579 907 2682 quibus
922 2599 1025 2664 quun

105 2694 247 2780 inquens
262 2708 429 2776 uteretur,
451 2693 589 2760 subinde
612 2712 747 2777 quoque
770 2695 860 2762 abuti
888 2695 1026 2779 putaba-

105 2826 161 2881 tur.
204 2813 345 2894 Aliquot
370 2823 444 2876 ante
469 2810 596 2876 obitum
613 2809 730 2892 annia,
752 2811 925 2878 oculorum
948 2812 1028 2879 vina

104 2947 231 3012 captur,
243 2927 454 2995 calamitatem
472 2928 627 3010 patienter
639 2926 737 2996 tulit:
756 2929 844 3010 quod
867 2945 1023 3012 magnum
1125 2928 1132 2937 ”

113 3043 246 3127 proiecto
284 3043 352 3110 suit
386 3042 420 3110 in
452 3042 602 3124 homine,
635 3043 693 3126 qui
726 3045 822 3110 vitam
847 3043 881 3112 in
904 3043 1028 3113 Liter'u

102 3165 240 3232 aciibria
251 3164 484 3249 tramegioset,
503 3181 691 3246 semperque
706 3161 831 3246 aliquid
848 3161 1025 3245 scriberet,

107 3281 186 3361 quod
209 3282 261 3346 vel
285 3298 373 3361 ouo,
397 3280 450 3346 vel
465 3282 591 3362 alieno,
607 3279 660 3346 vel
683 3276 774 3345 nullo
799 3278 929 3344 nornine
953 3277 1028 3345 ede-

108 3411 159 3465 ret.
200 3396 267 3464 Hic
294 3413 381 3463 unua
410 3397 428 3461 e
456 3394 550 3464 nobis
576 3395 677 3462 fatum
699 3395 762 3479 iarn
791 3411 885 3459 auum
914 3393 1027 3477 impie-

110 3513 170 3584 ritr
191 3512 236 3582 tit
253 3513 305 3580 ilii
327 3516 426 3600 neoni
442 3510 538 3593 rinei
569 3511 720 3595 Reliquis
745 3511 844 3589 nobie
868 3514 955 3580 Deus
976 3511 1021 3581 0.

109 3627 153 3697 bt
173 3647 205 3698 et
226 3645 373 3699 mutuam
402 3630 655 3699 benevolentiam
672 3642 801 3710 seruet,
822 3641 855 3694 et
870 3627 1026 3711 reliquam

109 3744 194 3815 rium
218 3749 411 3829 exitumque
428 3745 555 3815 facilem
573 3744 682 3817 duiti.

103 3906 106 3911 -
146 3867 243 3948 igitur
264 3883 342 3931 cum
367 3863 434 3930 iilis
458 3862 611 3948 frequens
635 3865 735 3933 nobie
754 3863 818 3931 fuit
843 3876 1024 3932 consuetu·

114 3975 162 4044 dot
172 3996 200 4048 at
211 3981 392 4049 nobiscum
407 3976 536 4044 duobus
551 3977 689 4047 invicem
702 3977 910 4062 quotidianus
923 3992 1022 4045 usur:

116 4106 222 4173 mua
253 4111 361 4167 unum
387 4096 560 4166 amicorum
595 4113 672 4182 par:
705 4094 810 4178 ania,
835 4095 935 4182 joca,
963 4110 1026 4175 pa·

967 4205 1031 4273 bii-
