2362 4936
138 581 223 653 na
275 548 795 647 matranensi
875 572 943 672 μὴ,

86 790 140 837 un
158 767 327 837 duntaxat
353 784 417 833 esse
430 762 500 829 Eas
515 766 741 831 necessarium.
787 760 822 832 Si
839 769 938 838 nobit

86 900 212 970 petrum
239 894 348 962 esset,
379 883 473 963 plura
501 898 572 946 esse
602 879 702 946 Entit
734 883 935 973 necessaria,

85 1001 180 1068 modo
199 996 366 1081 possimus
385 994 504 1079 fingere
523 1012 622 1061 unum
645 994 696 1062 vel
718 999 852 1064 alterum
868 1016 938 1070 non

89 1113 198 1182 ‘irrisi
223 1110 308 1178 forte
329 1109 395 1187 ita,
419 1125 455 1176 ut
474 1110 592 1196 fingere
616 1130 812 1196 possumus,
835 1119 941 1185 omnis
1054 1126 1056 1137 ¹

86 1229 200 1295 tullum
218 1243 310 1307 esse,
332 1225 423 1310 quod
442 1242 499 1307 per
517 1242 552 1289 se
567 1243 736 1309 repugnat.
781 1227 854 1297 Hoc
872 1231 940 1314 pri.

86 1355 177 1408 aust
199 1339 315 1407 vitium
343 1339 377 1404 in
409 1338 532 1407 Clarlrii
563 1340 786 1413 conclusione.
837 1346 939 1416 Nunc

86 1454 115 1522 is
138 1473 204 1523 ron
230 1469 432 1536 compertum
458 1468 526 1535 est,
549 1452 702 1536 pluresne
721 1474 761 1524 tn
784 1477 870 1526 unus
893 1460 940 1531 sit

86 1596 125 1643 st
154 1575 260 1643 minus
284 1595 351 1643 uuo
379 1593 450 1640 esse
474 1575 623 1657 nequit‚'
644 1575 722 1656 quia
747 1581 936 1648 vnecessario

89 1690 202 1758 irimus
218 1709 365 1756 caussam
387 1690 526 1772 aliquam
546 1686 647 1775 hujus
669 1690 833 1762 universis
855 1697 937 1764 etsi

86 1826 124 1881 ‚cs
152 1809 235 1875 alios
265 1807 352 1879 Deos
377 1805 573 1889 cogitatione
615 1803 799 1887 tollamus,
833 1825 938 1877 unum

86 1942 155 2008 per,
189 1925 378 2010 quicunque
405 1923 461 1988 ille
495 1922 560 2003 sit,
595 1923 801 2012 ‘retinemum
830 1943 938 2011 neque

86 2040 314 2109 resistentiam
340 2057 379 2106 ex
402 2040 510 2108 animo
535 2039 629 2108 evelli
648 2039 747 2107 nobis
772 2042 934 2130 priimum

86 2176 115 2224 ιι
134 2160 265 2227 minime
291 2161 329 2224 de
356 2155 509 2223 omnibus
534 2154 634 2226 simul
651 2156 792 2240 cogitare
815 2172 936 2240 possus

86 2290 110 2355 ι,
136 2291 193 2342 cos
219 2291 287 2341 non
310 2290 381 2340 esse
405 2270 608 2353 necessario,
642 2271 698 2336 sed
730 2270 769 2337 de
792 2270 934 2356 singulis

86 2406 145 2461 um.
190 2388 253 2455 Fac
276 2408 309 2458 v.
329 2408 359 2456 c.
386 2386 543 2472 egregiam
564 2405 629 2455 nos
644 2389 751 2455 videre
769 2405 906 2460 statuam
919 2396 939 2465 τ’

86 2502 407 2587 tinuo'intelligemus
432 2519 564 2568 necesse
589 2519 681 2584 esse,
704 2522 770 2571 eam
790 2508 830 2573 ab
846 2527 936 2593 egre.

93 2620 250 2689 statuario
274 2616 392 2683 iactam
422 2633 515 2682 esset
547 2613 600 2682 fac
631 2635 707 2685 veto
743 2621 836 2688 etiam
872 2626 937 2695 tres

86 2749 166 2805 ttxrt
182 2752 254 2803 esse
270 2735 442 2803 statuarios
464 2730 633 2818 egregios,
656 2732 823 2819 Phidiam,
845 2732 938 2822 Lyss

86 2869 150 2934 tm,
182 2865 216 2917 et
249 2847 446 2932 Myronem3
482 2846 663 2913 necessario
688 2846 843 2916 trifariam
873 2856 940 2919 stas·

86 2968 166 3033 mum
187 2965 249 3032 tibi
273 2965 353 3045 erit,
376 2981 442 3029 eam
471 2961 511 3030 ab
540 2981 605 3027 uno
630 2962 792 3030 extribus
812 2963 929 3037 factam

86 3103 113 3163 t,
134 3098 209 3166 scu,
232 3097 269 3148 ut
293 3083 326 3147 in
344 3079 467 3149 Clariii
491 3079 705 3145 similitudine
727 3099 932 3166 maneamus,

86 3212 174 3265 enter
193 3198 346 3265 trifariam
371 3210 570 3262 statuemus:
594 3194 698 3277 ptimo
713 3212 779 3263 eum
797 3215 903 3281 neque
917 3206 941 3268 ιι

86 3314 187 3398 lopo,
209 3330 346 3395 nequet
370 3311 511 3394 Myrone
523 3309 640 3376 factam
658 3327 747 3377 esset
773 3316 939 3398 secundo,

86 3449 119 3496 ae
139 3449 158 3496 a
177 3429 315 3510 Phidia,
339 3445 444 3509 neque
460 3444 479 3491 a
493 3424 666 3508 Lysipp03
690 3425 810 3506 tertio,
833 3443 939 3510 neque

86 3545 213 3629 Lyroue,
236 3562 340 3625 neque
363 3562 381 3609 a
406 3539 530 3617 Phidia,
575 3539 623 3605 lta
653 3540 782 3622 quidem
811 3542 941 3628 disjuu·

89 3681 202 3749 negate
233 3663 342 3728 licebit
368 3660 406 3725 de
429 3658 578 3740 duobus,
601 3656 733 3723 minime
759 3677 835 3726 vero
856 3680 940 3730 con·
1027 3728 1033 3735 ,

86 3794 122 3846 tc
147 3782 187 3848 de
213 3778 376 3845 omnibus.
422 3773 494 3841 Hoc
514 3791 578 3840 erat
597 3777 732 3841 alterum
752 3778 867 3844 vitium
883 3799 935 3847 ra.

86 3892 117 3960 is
143 3891 346 3962 Clarkianae.
394 3894 465 3982 Jam
498 3909 575 3958 vero
602 3891 690 3972 quod
718 3891 833 3958 ultimo
858 3893 935 3960 loco
988 3882 991 3889 ’

86 4006 105 4071 it
120 4008 288 4079 Chrkiust
335 4054 356 4090 „
377 4021 416 4075 ut
443 4006 703 4096 multraliccntur
728 4012 935 4095 quantumvis

86 4102 164 4194 laus
186 4130 388 4212 neccssaria„
412 4146 474 4195 non
492 4137 596 4218 potest
623 4145 686 4194 esst
713 4126 778 4195 nisi
800 4129 934 4192 urticam

835 4283 864 4342 ι’
884 4244 939 4315 '‘i''
