2362 4936
119 620 183 699 qs
248 598 602 684 truncentur
621 606 670 674 ex
686 580 915 693 'sormunt

112 818 210 881 rum,
232 797 408 876 orborum,
435 790 761 876 niissumque-rerum
785 809 873 875 quse
892 810 930 859 ex

32 949 35 955 ,
114 925 350 1000 procrescunt,
367 920 560 992 quemquem
576 907 792 975 tdmirubiiem
809 920 942 975 nuturtn

111 1045 185 1097 meu
201 1040 478 1109 corporeumesse
491 1021 654 1106 sciemus3
667 1023 743 1088 brec
761 1021 868 1106 igittu
878 1042 942 1106 quu

111 1143 201 1224 sint,
225 1139 301 1222 quis
319 1140 399 1204 iilud
414 1136 512 1204 nobis
528 1151 690 1220 prtestet,
711 1138 858 1205 homiues
878 1139 897 1205 d
918 1158 940 1222 p

110 1255 173 1322 eliu
199 1228 321 1320 tutione
345 1250 490 1332 differre,
517 1268 613 1334 quum
637 1251 815 1317 subtilitate
839 1252 941 1318 fabric

110 1367 237 1454 gradui
259 1382 314 1435 tut
333 1366 407 1449 quis
435 1365 571 1449 denique
587 1367 776 1434 contendere
799 1367 926 1447 possit,

109 1484 261 1549 tutionem
279 1480 577 1562 conscientiamque
592 1499 658 1547 non
689 1498 789 1566 posse
805 1479 886 1545 effici
902 1501 942 1547 am

108 1594 363 1680 compositionis
378 1608 410 1660 et
425 1593 616 1663 machinae?

156 1711 219 1776 His
236 1710 298 1775 aliu
314 1708 494 1789 adduntur,
511 1724 592 1791 quse
607 1709 760 1792 exposuit
778 1722 811 1776 et
824 1710 942 1777 ornavit

109 1824 261 1904 cretius,
279 1822 349 1904 ΙΙΙ,
369 1841 420 1891 vt.
437 1840 526 1906 440,
549 1841 642 1904 seqq.
670 1823 723 1889 Ex
742 1824 868 1906 quibus
885 1845 942 1892 om

108 1938 190 2007 effici
209 1939 421 2018 volunt‚tem
436 1953 555 2004 erctum
567 1955 753 2021 compagem
770 1939 942 2007 intercedet

106 2069 230 2139 posse,
253 2051 318 2119 nisi
345 2045 593 2138 inter-ejusdem
618 2066 748 2120 neturus
778 2070 850 2121 test
878 2067 942 2136 ttqt

108 2157 246 2235 maxime
261 2166 428 2249 prebebile
447 2184 519 2236 esse
533 2181 568 2235 et
584 2163 650 2235 fere
667 2166 768 2252 cogi,
787 2167 942 2264 Anium

106 2297 312 2367 corporeum.
391 2264 397 2291 ¹

391 2440 537 2599 33⁴.
580 2510 637 2584 m.

192 2738 397 2828 Distributio
418 2756 705 2828 argumentorum,
735 2746 850 2833 quibus
869 2750 942 2815 istae

109 2868 140 2923 ,Ι
340 2855 555 2923 dubitationes
581 2858 802 2944 confutentur.

150 3088 256 3172 Atqui
276 3085 539 3175 dubitationibus
557 3085 631 3154 istis
647 3090 799 3160 omnibus
817 3095 864 3186 nil
882 3093 942 3162 effic

106 3203 172 3274 nisi
189 3205 251 3271 boc
272 3221 394 3283 unum,
412 3203 502 3286 quod
517 3220 610 3270 nemo
628 3222 743 3290 neget,
757 3209 943 3276 arctissimas

104 3336 141 3385 se
159 3318 268 3385 Animi
295 3333 327 3383 et
350 3316 508 3400 Corporis
533 3337 742 3404 compagem,
769 3343 851 3404 quae
870 3344 942 3406 quur

103 3435 188 3503 iuter
203 3436 283 3500 duus
301 3447 364 3500 tem
385 3433 527 3499 diversae
539 3449 668 3500 naturae
681 3453 730 3502 res
749 3436 940 3505 intercedere

103 3550 173 3632 sit,
195 3549 321 3615 difficile
339 3546 383 3614 sit
398 3546 575 3615 intellectu.
614 3548 684 3633 Jem
703 3568 779 3617 vero
805 3552 894 3618 nullu
918 3569 942 3617 e

104 3652 365 3731 dubitationibus
390 3677 510 3731 tautum
530 3662 624 3729 habet
641 3662 729 3745 νίω,
753 3679 790 3731 ut
806 3684 864 3750 per
883 3683 942 3732 cem

102 3778 208 3849 cietur
224 3778 379 3846 Animum
400 3791 433 3855 et
459 3777 637 3861 simplicem
658 3796 803 3846 naturum
824 3797 942 3864 repugn

103 3911 187 3962 esse.
222 3892 384 3974 benique
405 3911 515 3961 omnes
535 3891 633 3958 simui
654 3911 720 3959 unu
738 3893 832 3977 lapsu
850 3909 942 3958 cortu

99 4029 209 4093 ‚quum
227 4011 479 4079 demonstratum
495 4006 614 4086 fuerit,
629 4007 858 4098 cogitetiuueut
875 4024 940 4075 uon

106 4144 145 4196 ue
163 4125 272 4195 cadem
288 4123 321 4190 iu
338 4136 481 4194 naturum
497 4121 670 4208 Corporis.
