2362 4936
98 601 165 669 μα
331 528 804 653 υῐεΡυτΑτιό

103 786 182 847 num
210 748 371 850 ingenium
406 763 445 837 ad
477 778 544 835 eam
569 762 833 844 consequendam
857 782 924 833 non

104 881 215 967 ipsum
242 856 388 945 habuerit
422 875 564 958 virium,
594 877 650 943 sed
676 877 804 953 auxilio
834 880 934 949 tdduc

104 993 212 1059 buerit
227 992 350 1060 divino.
392 990 528 1072 Veluti,
552 990 749 1058 notionibus
777 992 923 1085 trianguli

104 1105 316 1189 drrngulique
349 1105 513 1189 cognitis,
542 1104 615 1188 lpsa
646 1122 710 1173 nos
744 1121 855 1175 nature
873 1109 933 1173 duc

103 1219 323 1304 cognitionem
351 1217 556 1295 theorematis
582 1220 621 1285 de
646 1221 808 1313 quadrato
821 1221 934 1311 hgpoth

102 1352 168 1402 sae.
216 1335 262 1401 lit
288 1334 384 1400 multi
409 1346 513 1401 tamen
538 1332 766 1417 reperiuntur,
796 1340 854 1418 qul
875 1335 934 1403 trin

108 1449 320 1545 quadratique
353 1448 509 1514 rationem
545 1463 772 1532 cognoscant,
800 1448 934 1519 theorem

107 1564 265 1659 quadrato
286 1561 532 1645 hypothenusae
553 1580 621 1629 non
637 1580 852 1647 cognoscant.
893 1564 934 1631 Ita

104 1678 219 1745 vinum
236 1676 395 1759 quoddam
416 1695 487 1743 esse
502 1676 634 1744 Numen
655 1679 753 1761 pauci
772 1677 934 1746 homlncsi

105 1805 199 1858 rante
232 1789 315 1857 illud
341 1790 472 1857 unicum
512 1810 582 1858 esse
612 1810 679 1859 non
714 1794 875 1863 continuo
905 1795 934 1862 in

109 1920 205 1991 gunt.
252 1904 322 1986 At,
343 1902 472 1986 inquit,
494 1904 575 1972 illud
591 1919 641 1971 est
658 1902 934 2005 Mgthemqtlcaer

106 2021 188 2102 nis,
211 2038 275 2103 qur
295 2037 333 2098 ex
359 2018 463 2084 initiis
478 2019 599 2101 reliqua
617 2022 802 2097 necessario
818 2040 934 2104 conseq.

108 2150 184 2202 tur:
209 2135 290 2215 illud
306 2134 373 2201 non'
392 2134 481 2200 item.
519 2135 686 2202 Concedo.
732 2134 797 2203 Sed
811 2136 874 2214 nisi
888 2151 932 2202 est

108 2250 299 2330 thematlcae
325 2249 481 2331 rationis,
503 2249 607 2316 Deum
638 2252 770 2316 unicum
790 2270 882 2335 esse3
903 2271 934 2319 es

109 2358 184 2435 rnen
212 2361 347 2432 rationis
373 2365 424 2431 vel
450 2363 648 2447 Probabilis,
680 2368 731 2431 vel
755 2366 914 2450 Morrlis,

106 2482 255 2548 rationis.
300 2483 412 2561 Atque
435 2479 478 2545 ita
505 2499 612 2546 seres
637 2481 758 2562 habet,
780 2498 818 2548 ut
844 2498 934 2564 quar

108 2597 234 2664 ratione
257 2594 482 2677 persuadeatur
506 2596 609 2662 Deum
637 2613 728 2677 esse,
760 2598 889 2681 adem,
911 2597 934 2664 si

108 2711 270 2794 plicetur,
294 2705 387 2771 etiam
413 2709 663 2791 persuadeatur,
685 2729 758 2776 eum
785 2713 912 2778 unicum

106 2822 207 2910 Quod
227 2820 355 2901 quidem
384 2819 418 2885 in
442 2824 654 2890 conclusione
677 2824 776 2913 hujus
792 2827 933 2912 dlsputat

107 2935 274 3011 ostendere
295 2932 497 3002 conabimur.

146 3051 209 3119 Est
232 3052 309 3116 baec
332 3049 488 3116 sententiat
510 3048 661 3133 Horatii,
683 3054 860 3125 Ncheus
873 3061 934 3125 inte

106 3171 172 3237 nisi
186 3165 303 3254 dignus
316 3165 443 3232 uindice
457 3165 557 3234 nodus
571 3165 730 3235 Incideris
739 3191 754 3236 .·
770 3190 866 3255 quam
881 3176 929 3240 ille

108 3284 154 3351 tis
180 3283 283 3365 dixit,
315 3280 524 3363 sententiam,
554 3299 615 3348 nos
645 3285 684 3348 ad
705 3285 918 3373 philosophos

106 3417 230 3464 rannus.
274 3397 350 3465 Suis
375 3395 501 3471 viribus
530 3397 705 3466 humanum
723 3402 933 3486 ingeniumin

110 3514 160 3598 git
183 3514 287 3586 Deum
315 3529 407 3578 esse:
432 3511 501 3576 suis
526 3510 650 3579 viribus
676 3517 816 3600 elusdem
836 3519 934 3597 indeu

109 3642 172 3692 tem
196 3627 335 3710 colligit.
382 3624 472 3711 Quld
496 3626 596 3710 igitur
623 3644 691 3710 est,
715 3634 807 3713 quod
832 3633 928 3700 veluti

109 3754 243 3827 poetae,
261 3740 317 3805 ubi
333 3759 383 3805 res
396 3742 468 3824 ipsa
483 3741 580 3809 nobis
596 3744 716 3810 exitum
736 3739 900 3832 ostendit,
916 3749 934 3818 [

110 3875 149 3923 ex
167 3855 312 3922 machina
331 3854 534 3922 inducamus.
578 3857 667 3952 Quid
684 3865 776 3942 quod
793 3883 861 3932 non
879 3869 934 3933 ider

110 3974 235 4039 ciamus
262 3969 296 4036 in
325 3969 367 4034 iis
392 3970 512 4055 nodis,
539 3951 603 4054 qui
622 3975 723 4057 magis
746 3979 839 4046 etlam
865 3981 913 4047 vel

110 4086 245 4156 habeant
273 4085 325 4153 vel
345 4082 434 4170 digni
460 4085 527 4154 sint
552 4082 676 4155 vlndlce
698 4090 790 4177 Deo:
835 4096 931 4183 Quali
