2362 4936
105 626 154 696 44
397 590 773 672 ssrlsronn

104 807 144 861 ct
159 786 336 861 Boschium
355 786 473 885 caritas
497 802 529 855 et
552 785 754 853 familiaritas
779 784 873 872 quasi
897 787 989 857 frater

101 910 237 1003 iunxit:
259 922 292 976 et
306 908 408 975 debeo
424 907 453 975 ei
469 906 614 974 vicissim
635 910 885 974 munusculum:
910 924 943 976 et
960 931 989 976 e<

101 1036 216 1096 tentus
235 1023 296 1090 erit
314 1041 382 1104 eo,
402 1022 493 1107 quod
516 1021 621 1090 dabo:
647 1038 706 1088 nec
735 1040 857 1089 novum
884 1043 989 1108 repon

105 1139 165 1206 cui
181 1155 243 1223 ego
259 1153 372 1204 rursus
392 1153 514 1204 novum
531 1149 563 1201 et
582 1136 652 1219 lpse
666 1155 818 1220 reponere
830 1138 972 1209 debeam.

105 1253 283 1325 Fonteinio
300 1250 419 1334 scripsi
438 1250 577 1336 gratuita
593 1250 730 1333 pietates
757 1252 803 1319 nii
823 1253 853 1319 ei
867 1254 989 1323 debeba

108 1387 172 1437 nec
198 1368 279 1435 mibi
312 1366 501 1452 rescripsit,
535 1367 591 1435 sed
619 1386 703 1453 opus
724 1369 905 1455 imposuit,
929 1371 989 1439 Tb-

104 1483 235 1571 phtasti
247 1481 450 1550 editionem(
465 1480 554 1549 Haec
571 1496 621 1549 est
639 1481 694 1549 ilia
710 1483 743 1548 in
759 1485 926 1567 superiore
941 1485 989 1570 bu¹

112 1596 332 1668 Bibliothecae
347 1596 440 1665 Parte
458 1598 518 1684 (')
534 1598 613 1665 mihi
629 1599 716 1668 dieta
733 1601 884 1685 adoptiva
899 1615 931 1668 et
949 1603 989 1670 im

114 1731 183 1784 tata
205 1715 290 1786 filiae
313 1732 411 1798 quam
428 1711 602 1781 dictionem
625 1715 776 1784 nonnulii
798 1735 963 1802 perperam

108 1844 276 1920 ceperunt.
319 1831 443 1915 Nosti,
466 1848 599 1899 auctore
617 1831 809 1915 Herodoto,
825 1832 862 1915 Ι,
883 1853 947 1919 93,
972 1836 989 1901 1

109 1953 166 2021 dis
190 1968 312 2018 morem
339 1949 445 2018 fuisse
474 1945 558 2016 filias
581 1951 798 2036 prostituere,
821 1965 881 2033 ut,
904 1973 989 2038 corp

110 2083 282 2154 quaestum
305 2065 482 2147 facientes,
504 2066 612 2134 dotem
633 2066 696 2134 sibi
719 2064 824 2133 futuri
848 2068 989 2136 matrimt

107 2186 313 2271 colligerent.
366 2184 418 2252 Ab
443 2182 504 2250 bac
531 2181 654 2249 ratione
679 2201 746 2248 mea
768 2181 869 2264 pietas
890 2180 989 2249 abhor

103 2300 185 2369 'bete
210 2318 403 2384 quamquem
422 2318 490 2367 non
514 2298 673 2367 dissimile
693 2298 727 2365 in
750 2297 886 2365 aliorum
906 2299 989 2379 scrip

106 2416 245 2484 ¹edendis
262 2413 400 2482 subinde
417 2393 617 2497 usurpatur.¹
650 2412 724 2496 Ego
739 2411 924 2493 adoptivam
940 2408 988 2475 fiii

107 2510 307 2618 prostituere
338 2530 466 2596 nolui:
507 2529 628 2596 nemini
661 2546 728 2594 eam
758 2525 949 2608 venditari,
981 2545 989 2592 1

113 2648 265 2713 utendam
286 2643 453 2710 concessi:
483 2643 604 2708 nuliam
629 2642 699 2727 ejus
723 2642 813 2709 floris
837 2654 958 2725 partem
982 2662 989 2709 r

110 2764 185 2846 ipse
210 2759 369 2843 delibavi,
391 2778 452 2826 nec
473 2757 546 2826 aliis
565 2758 763 2826 delibandum
788 2756 937 2842 permisi:
961 2758 989 2825 in

113 2892 198 2963 gram
225 2875 404 2959 virginem,
428 2873 566 2957 pudice,
590 2873 715 2941 liberali
743 2886 868 2957 septem
892 2885 990 2939 custo

113 2991 261 3057 servavit
285 3007 343 3056 nec
362 2988 427 3056 nisi
444 2989 479 3054 in
504 2988 743 3056 adolescentum
768 2988 989 3070 doctorum,‹

112 3107 323 3188 eumdemque
340 3120 505 3171 castorum
525 3119 558 3171 et
573 3106 815 3188 modestorum,
829 3119 987 3189 eonspect

113 3234 147 3285 et
170 3220 376 3302 colloquium
401 3219 519 3302 edrrxi3
554 3220 583 3286 si
612 3216 701 3286 forte
724 3219 844 3305 aliquis
872 3239 984 3289 eorum

113 3335 352 3403 matrimonium
380 3335 443 3401 sibi
465 3353 531 3401 eom
556 3351 734 3420 expeteret.
784 3335 855 3405 Eni
888 3338 989 3420 inqua

113 3452 191 3519 baec
208 3466 256 3517 est
280 3452 433 3534 adoptiva
458 3468 526 3516 mea
550 3451 637 3533 iiiia,
670 3471 753 3535 quae
775 3454 885 3520 dotem
912 3455 989 3538 quid

26 3581 50 3629 ·.
114 3546 182 3634 obn
200 3566 295 3632 babet
310 3585 398 3647 eam,
417 3585 500 3650 quae
516 3570 617 3652 vulgo
637 3570 697 3635 dos
715 3569 858 3652 dicitur,
876 3571 934 3638 sed
950 3574 990 3638 aii

115 3687 212 3770 longe
238 3687 411 3772 majorem:
434 3706 516 3772 quae
538 3707 625 3755 nune
647 3689 790 3755 nondum
815 3708 967 3776 apparet,

118 3799 245 3885 parebit
278 3815 408 3882 autem,
441 3803 472 3869 si
505 3804 543 3869 ad
568 3821 633 3870 eam
660 3804 869 3887 colligendam
899 3808 987 3872 studi

121 3926 152 3980 ot
171 3913 313 3984 laborem
336 3917 565 3989 contuleritisr
588 3918 768 4004 colligenda
793 3935 842 3988 est
863 3940 921 4007 per
945 3920 989 3990 Gr

154 4219 223 4305 (*)
244 4221 321 4304 [cf.
341 4225 411 4289 Vol.
428 4226 484 4290 111.
512 4228 595 4288 Part.
610 4225 651 4288 11.
670 4243 702 4303 p.
722 4225 918 4307 ros-1060]
