2362 4936
23 17 1044 264 Q

153 614 214 686 ,μ
343 688 345 697 y
434 592 802 666 arrsrons

149 786 307 854 misceant
323 782 357 845 s'e
370 779 445 845 mali
456 782 565 862 cives,
579 781 743 866 proprium
759 781 965 850 commodum
981 806 1044 869 qua

126 950 128 954 ψ
151 919 280 985 rentes,
303 898 439 981 inquieti
457 912 488 962 et
506 901 664 982 audaces,
687 900 809 982 quibus
827 904 1008 985 tranquillo
1025 924 1044 968 u

100 1084 127 1114 ,ι
151 1037 222 1085 rum
238 1032 324 1082 statu
339 1015 374 1081 in
388 1013 569 1080 humilitate
591 1018 750 1083 latendum
768 1013 908 1098 fuisset,
923 1019 988 1103 jam
1008 1034 1044 1087 tu

151 1137 237 1202 batis
269 1122 608 1216 rebus·emergentes,
641 1133 766 1215 populo
793 1133 1021 1216 seductores,

150 1265 200 1318 est
224 1252 439 1333 demagogns,
462 1247 615 1327 ferentes,
639 1265 696 1329 pet
715 1247 955 1331 conciliabula,
980 1252 1044 1320 sod

150 1366 242 1448 litia,
276 1363 460 1444 coitiones,
489 1363 673 1444 stationes,
704 1364 853 1444 stabula,
884 1383 1044 1447 cauponas

151 1485 320 1564 tabernas,
352 1480 456 1564 plebis
483 1479 587 1544 studia
609 1479 844 1561 praedicantes:
877 1479 926 1543 sic
955 1483 990 1546 in
1018 1482 1044 1545 h:

152 1598 346 1666 scholastica
361 1595 573 1662 conversione
593 1595 786 1662 exstiterunt
801 1597 991 1680 demagogi,
1007 1616 1044 1662 nt

150 1715 185 1779 lo
213 1728 268 1779 aut
294 1712 446 1778 mediocri
470 1711 622 1794 ingenio,
654 1728 709 1793 per
733 1709 962 1776 obscuritatem
988 1726 1043 1778 ant

152 1832 314 1918 ignorati,
337 1845 368 1896 et
392 1829 476 1896 iufra
494 1848 604 1901 omnes
631 1842 777 1895 mortuos
795 1830 974 1910 amandati,
997 1832 1044 1896 har

151 1944 380 2015 inclarescendi
404 1944 605 2011 occasionem
633 1944 843 2027 arripientes,
874 1947 1043 2030 pervulgat

153 2082 256 2132 novae
279 2063 445 2128 doctrinae
464 2059 620 2126 formulas
644 2059 733 2125 brevi
761 2074 905 2142 tempore
921 2061 1044 2128 discent

152 2192 184 2244 et
207 2180 375 2246 memoriae
399 2179 580 2259 tradentes,
602 2176 725 2243 easdem
753 2196 828 2243 mox
861 2176 893 2241 in
910 2196 1044 2245 conveni

152 2294 262 2374 culis,
296 2292 453 2372 circulis,
485 2291 645 2374 stabulis,
686 2291 866 2376 cauponis,
897 2293 1044 2379 thermop

151 2410 227 2491 liis,
250 2409 398 2492 imperito
427 2423 458 2472 et
475 2407 602 2474 miranti
621 2408 743 2493 vulgo,
770 2421 933 2490 tamquam
956 2427 1044 2492 agyrt

154 2528 269 2594 medici
285 2528 455 2610 collyrium
472 2528 699 2609 lippitudinis,
718 2547 884 2610 panaceam
902 2530 1044 2597 cascutle

152 2642 196 2706 tis
223 2642 342 2733 ingenii
361 2654 560 2706 ostentantes
580 2657 621 2706 et·
637 2643 849 2713 venditantes.
891 2645 959 2731 Janr
984 2663 1044 2712 nov

151 2759 190 2825 tii
207 2776 244 2823 ac
264 2757 384 2823 tirones
401 2754 466 2821 fere
488 2756 644 2825 Kantiana
667 2778 772 2827 castra
790 2762 1031 2846 sequebantur,

47 2894 53 2904 ’
152 2891 319 2944 veteranos
346 2876 422 2941 item
452 2874 555 2940 facere
571 2876 800 2945 hortabantur.
845 2879 890 2945 lli
913 2896 1044 2961 respon<

154 3013 210 3061 re:
260 3038 281 3070 „
302 2988 469 3058 Immotos
486 3003 599 3057 nostra
614 2997 794 3080 sequamini
809 3008 946 3076 castra,
962 3009 1000 3061 nt
1014 3017 1044 3063 ca

153 3155 176 3193 „
193 3106 334 3192 firmata
357 3110 476 3173 veteris
511 3104 705 3195 disciplinas
720 3111 870 3199 spectata
886 3112 1029 3179 bonitate

157 3271 180 3309 „
202 3223 381 3294 veritate.”
433 3224 506 3293 liti:
545 3271 566 3308 „
587 3229 692 3314 Atqui
726 3249 779 3293 nos
806 3248 917 3295 veram
940 3248 1044 3296 caussa

154 3389 177 3427 „
198 3359 347 3425 tuemur,
375 3343 533 3408 Creticam
557 3343 681 3410 scilicet
707 3343 985 3430 Philosophiam.”
1017 3343 1044 3411 H

154 3504 177 3542 „
199 3461 261 3526 Vos
287 3475 419 3539 aretem,
440 3459 695 3547 quandoquidem
720 3463 783 3547 ipsi
806 3461 954 3528 Criticae
972 3483 1044 3531 noan

157 3619 180 3657 „
196 3573 397 3663 profitemini
408 3627 419 3658 ‚
441 3575 509 3658 ojus
526 3578 624 3639 ctiam
652 3576 782 3662 officiam
809 3582 943 3661 agatis,
966 3591 999 3641 et
1024 3596 1044 3642 a

154 3737 177 3775 „
201 3705 352 3779 uuquam
380 3692 473 3758 illam
489 3690 725 3773 juda'catricem
751 3690 993 3780 Philosophiam
1013 3713 1044 3756 ar

150 3808 177 3895 ‘„
193 3809 407 3899 plectamim',
422 3807 575 3889 judicate
591 3807 630 3874 ds
647 3814 719 3895 ipsa
733 3811 882 3896 primum
897 3820 1011 3873 utrum
1032 3829 1044 3877 r

149 3972 173 4012 „
199 3944 242 3990 ra
264 3927 329 4005 sit,
360 3941 416 3986 nec
443 3921 519 3988 nc.”
574 3920 660 3988 Tum
689 3923 755 3991 illia
788 3967 809 4006 „
831 3921 915 4006 Jam
941 3924 1045 3989 Kanla‘

152 4038 364 4130 „prosodia
382 4035 572 4122 judicavit:
594 4059 656 4102 non
683 4052 758 4127 opus
784 4049 854 4119 est,
887 4050 930 4128 ut·
954 4050 1044 4103 tanta

153 4198 177 4245 η
197 4155 339 4230 laurea
365 4156 597 4246 incipiamus,
627 4167 754 4237 aaran
779 4168 890 4226 actam
923 4138 1044 4244 agarna

958 4293 1044 4363 ΗΝ
