2362 4936
120 600 187 702 nis
294 596 518 681 nunnitus·
536 632 587 684 nn
606 603 870 686 momontum

50 838 53 849 ·
123 785 192 865 st'er
206 793 284 864 felix'
305 795 437 863 ftrtums
454 810 543 879 erat,
564 799 628 867 nisi
654 797 762 867 fatalis
782 800 887 886 Regni
903 799 997 871 inne*

121 914 295 983 conversio
328 918 400 1000 ejus
429 933 480 991 tes
509 915 721 1000 fortunasque
747 917 923 987 afflixisset.
971 923 997 987 ll

120 1032 183 1099 lilii
208 1030 456 1115 adolescentes,
483 1030 636 1116 praetecti
663 1036 849 1118 militares,
880 1037 971 1106 initio
994 1061 997 1072 ⁴

122 1147 270 1228 multus,
293 1146 384 1214 ciuili
401 1145 486 1213 ferro
503 1148 665 1216 trucidati.
710 1128 814 1217 Unica
830 1147 918 1233 iilia,
936 1171 995 1235 pos

121 1263 196 1330 viro
212 1278 314 1348 nupta
333 1263 465 1331 biennio
489 1281 563 1330 ante
586 1282 706 1350 patrem
736 1282 884 1349 mortue,
906 1287 997 1353 comp

123 1380 219 1449 rlbus
234 1376 355 1449 relictis
378 1378 484 1448 niuis:
508 1381 686 1465 exquibus
711 1378 805 1449 unam
832 1387 956 1467 neptim
983 1405 997 1468 p

124 1496 236 1562 vultnr
263 1513 372 1562 secum
390 1497 484 1564 'domi
506 1495 608 1563 alebat
622 1498 876 1582 sanctocrucia,
899 1504 997 1567 eamdt

121 1618 189 1696 q‘ue
213 1611 362 1680 tredecim
388 1629 544 1680 annorum
563 1616 706 1700 egregiae
730 1617 799 1714 spei
814 1620 982 1702 puellm,

119 1749 192 1801 tero
220 1749 297 1819 post
321 1711 425 1800 mariti
452 1734 577 1802 obitum
605 1752 733 1815 mense,
765 1745 870 1820 morte
895 1736 997 1803 sibit

117 1860 209 1938 ptam
232 1851 329 1919 vidua
355 1851 473 1920 amisit.
517 1850 631 1933 Atque
652 1840 717 1915 iilis
742 1850 901 1917 omnibus
922 1852 954 1917 in
968 1872 997 1918 ca

121 1968 312 2051 mitatibus,
348 1966 653 2050 carissimorumque
690 1967 832 2050 capitum
868 1967 997 2034 antissio

122 2080 209 2177 bus,
231 2091 372 2161 foemina
393 2089 519 2157 vitilem
536 2087 751 2157 constantiam
777 2086 928 2154 retinuit:
948 2104 997 2168 qur

115 2208 192 2293 ipse
217 2224 366 2291 praesens
388 2218 419 2271 et
445 2219 536 2270 antee
568 2203 695 2286 saepius
726 2203 861 2269 miratus
891 2220 979 2282 sum,

114 2318 317 2406 postremum
349 2338 416 2386 eam
440 2320 584 2386 salutans
605 2317 708 2402 pridie
728 2336 823 2399 quam
843 2317 997 2385 Parisiisc‘

117 2449 208 2507 mum
226 2435 411 2521 profectura
424 2424 526 2519 esset.
547 2428 664 2518 Neque
680 2435 742 2502 boc
759 2435 956 2503 reticendum
974 2455 997 2500 et

120 2575 189 2624 eam
203 2574 274 2624 esse
290 2546 482 2639 postremam
501 2553 709 2637 propaginem
726 2550 997 2636 inclytaenobillt

113 2665 254 2741 familiae
275 2668 436 2736 Delbenae
451 2671 469 2753 ζ
483 2666 676 2750 Delbdnc),
700 2667 825 2751 origine
841 2667 997 2736 Florentio

112 2804 152 2853 cx
177 2805 240 2867 qua
265 2787 364 2870 hujus
384 2785 519 2870 majores
539 2782 680 2867 primunr
701 2784 837 2850 comites
856 2785 997 2853 Carbarin

114 2898 279 2967 Mediceae
304 2897 454 2993 nubentis
481 2895 622 2964 H'enrico
642 2903 693 2978 ΙΙ,
725 2896 832 2984 Regi,
855 2899 893 2966 in
908 2898 997 2967 Gillia

111 3032 290 3085 uenerunt:
318 3000 456 3097 quorum
477 3014 600 3098 posteri
626 3006 739 3081 deinde
760 3016 822 3081 sub
841 3012 997 3084 nostrisll

112 3131 233 3218 gibus,
256 3133 546 3221 complureslcum
565 3130 709 3231 imperiis
731 3134 950 3214 exercituum,
972 3147 997 3196 tt

114 3247 324 3336 amplissimis
352 3248 663 3335 Arclrieplscopatils
686 3265 717 3314 et
751 3247 997 3335 Episcopatist

108 3363 294 3447 cerdotiis,
326 3362 553 3455 inclaruerunt.
564 3362 588 3392 ’‘
640 3362 805 3430 Hactenus
845 3364 997 3433 Larcheru

72 3494 74 3499 ’
110 3479 210 3561 Alia,
241 3498 350 3547 recens
371 3479 458 3547 edito
485 3480 634 3567 lectoque
657 3479 720 3545 sibi
747 3481 854 3563 priore
881 3482 997 3550 Philon

107 3595 195 3661 thiae
218 3592 343 3678 Libro,
377 3574 427 3662 me
451 3593 579 3662 monuit
611 3593 823 3662 doctissimus
853 3597 997 3665 adolesse:

106 3700 156 3777 G.
181 3707 223 3776 L.
250 3709 501 3793 Wassenarius,
525 3710 574 3794 is,
604 3711 730 3794 dequo
757 3711 825 3778 dixi
855 3713 892 3780 in
916 3714 997 3782 Adde

105 3826 158 3897 dis
179 3829 219 3892 ad
236 3826 436 3894 Phaedonem
457 3849 493 3912 p.
518 3848 591 3913 337.
642 3872 663 3908 „
680 3827 908 3895 Sanctocrucil
926 3829 997 3895 Anlr

104 3934 309 4012 adversiones
346 3942 395 4008 ad
433 3946 564 4013 Vibium
608 3947 806 4030 Sequestrem
852 3947 997 4028 prodieru

103 4042 573 4131 'asttuccuxxvtrre
616 4061 699 4127 liber
734 4060 788 4127 oa
828 4063 971 4131 orontes

102 4175 453 4252 muccbxxlx.
504 4178 570 4250 Est
601 4175 697 4246 etiam
732 4175 971 4250 Commentatio
