2362 4936
101 624 169 699 „2
327 586 797 665 nrsrurnrro

110 801 292 863 monstrare
322 781 419 850 vellet
444 778 584 865 Judaeos
607 774 745 845 Graecis
768 796 839 847 uon
858 774 997 875 fficogulla

112 904 237 983 fuisse3
259 901 323 965 hoc
341 896 434 978 quale
453 895 519 976 sit,
541 911 621 979 age,
643 894 826 966 videamus.

162 1018 273 1101 Apion
290 1011 526 1083 Alexandrinus
537 1008 668 1094 Judaeis
682 1010 859 1081 novitatem
871 1002 997 1096 erpuini

118 1146 228 1211 verat,
252 1127 363 1194 dicens
385 1142 495 1192 eorum
522 1140 642 1193 nomeu
669 1142 780 1194 recens
809 1140 841 1193 et
860 1124 997 1195 inultm

118 1249 158 1318 ad
179 1246 312 1313 aliarum
342 1242 483 1327 gentium
508 1259 601 1308 aures
628 1243 813 1325 accidisse,
840 1258 921 1325 mque
938 1239 997 1304 adut

113 1365 223 1453 ,multa
240 1360 349 1426 secula
364 1377 452 1441 esse,
469 1376 544 1425 cum
563 1358 598 1425 lu
613 1357 751 1427 aliorum
769 1358 919 1427 homiuum
927 1355 997 1440 iguo·

120 1482 247 1575 ¹ratione
261 1475 392 1547 fuisset.
433 1474 521 1563 Quid
535 1475 655 1542 crimen
671 1463 858 1543 diluendum
873 1471 925 1541 ull
935 1487 996 1537 suu·

121 1596 166 1667 sit
185 1594 349 1680 Josephus
372 1592 502 1659 duobut
523 1593 641 1676 libris,
662 1607 695 1659 et
718 1610 864 1663 caussam
883 1592 919 1659 ita
935 1588 997 1672 egit,

122 1727 161 1779 ut
177 1713 247 1794 ejus
263 1707 493 1792 disputationis
509 1725 621 1793 magua
639 1727 714 1792 pars
733 1704 909 1783 terseratis
919 1716 997 1784 nuru

123 1827 288 1894 hendendo
315 1822 514 1896 Graecorum
546 1823 737 1909 negligentia
764 1824 997 1904 nonnosum:

125 1939 160 2007 in
180 1926 369 2023 colligendis
393 1936 591 2005 Graecorum
620 1939 831 2021 Scriptorum
849 1936 935 2017 locis,
953 1931 997 2014 lli·

126 2054 393 2150 ltusJudaeorum
414 2054 535 2121 tuentio
553 2053 637 2122 lacta
658 2069 761 2123 esset.
801 2055 867 2138 Jam
879 2048 997 2125 uultu

129 2185 180 2241 est
197 2171 296 2259 hujus
316 2170 403 2251 loci,
426 2187 594 2253 quaerere,
615 2186 703 2239 recte
717 2188 778 2238 nec
796 2189 838 2240 ue
851 2156 997 2237 &attilii

125 2288 238 2378 ¹cissim
256 2285 408 2373 objecerit
427 2286 652 2371 negligentiam
679 2287 924 2370 novitatemque.
951 2277 997 2351 llll

127 2421 227 2470 unum
255 2399 390 2484 intelligi
417 2401 516 2483 volo,
544 2400 589 2469 ita
614 2415 735 2468 serem
765 2399 898 2481 habete,
920 2378 997 2479 uni

127 2506 330 2603 Scriptorum
364 2516 580 2599 testimoniis,
609 2532 690 2598 quae
718 2515 882 2603 Josephus
905 2505 986 2579 altili

128 2655 187 2704 sua
212 2649 340 2703 constet
365 2638 564 2718 auctoritas,
593 2635 641 2704 nil
665 2634 843 2718 efficiatur,
870 2633 927 2705 uisi
987 2692 997 2735 .1

125 2769 225 2819 uuum
246 2752 444 2833 alterumque
466 2748 665 2819 Graecorum
692 2767 768 2819 ante
783 2738 997 2845 Almmuutlj

121 2866 251 2959 Judaeis
267 2864 437 2933 obscuram
454 2877 647 2949 tenuemque
665 2866 997 2946 famamheusissotu

124 2982 238 3049 tionem
262 2980 409 3047 notitiam
432 2994 501 3048 tum
524 2984 651 3049 demum
679 2986 721 3053 ad
745 2983 887 3057 Graecos
906 2979 997 3048 deaut

124 3118 217 3181 csse,
249 3114 461 3185 posteaquam
489 3102 561 3186 ipsa
582 3098 777 3188 Judaeorum
810 3101 893 3189 regio
917 3083 996 3162 nuri

125 3211 381 3285 Ptolemaeorum
408 3210 714 3300 Seleucidatuurque
737 3217 832 3283 bellis
858 3193 997 3297 insumi

80 3316 84 3323 ’
127 3331 300 3414 coepisset.
344 3329 444 3400 Nunc
469 3331 798 3419 uetopleraquetalia
813 3319 997 3407 sunttetiw

124 3450 198 3532 nia,
223 3467 257 3515 ut
271 3451 344 3535 jure
360 3448 491 3534 possint
508 3449 705 3535 reprehendi.

166 3565 309 3632 Primum
339 3564 382 3634 L.
405 3564 441 3648 l,
464 3583 517 3641 aa.
541 3557 721 3650 memorat,
743 3565 939 3656 Pythagoran
956 3550 997 3657 llll

123 3699 223 3765 raque
242 3683 393 3750 instituta
422 3698 453 3749 et
473 3686 592 3768 placita
612 3708 629 3755 a
646 3685 776 3770 Judaeis
794 3684 942 3754 sumsisse
995 3660 997 3665 ⁵

124 3795 385 3875 quandoquidem
412 3795 518 3880 ipsius
552 3797 749 3883 Pythagorae
784 3799 905 3866 nullum

124 3917 308 4001 scriptum,
332 3935 369 3984 ex
386 3937 453 3999 quo
468 3921 506 3985 dc
521 3920 638 3987 notitia
653 3936 725 3986 cum
739 3918 869 4003 Judaeis
882 3907 963 3996 quide
983 3958 986 3963 -

124 4031 268 4115 ligatum
290 4044 401 4097 testem
430 4035 550 4103 excitat
574 4035 803 4117 Hermippum.
847 4030 944 4099 Citati

123 4146 357 4225 futurumne
373 4148 621 4241 philosophicae
638 4150 805 4238 scriptor,
826 4126 987 4319 aediliumu
