<?xml version="1.0" encoding="UTF-8"?>
<!DOCTYPE html PUBLIC "-//W3C//DTD XHTML 1.0 Transitional//EN"
    "http://www.w3.org/TR/xhtml1/DTD/xhtml1-transitional.dtd">
<html xmlns="http://www.w3.org/1999/xhtml" xml:lang="en" lang="en">
 <head>
  <title>
</title>
<meta http-equiv="Content-Type" content="text/html;charset=utf-8" />
  <meta name='ocr-system' content='tesseract 3.04.00' />
  <meta name='ocr-capabilities' content='ocr_page ocr_carea ocr_par ocr_line ocrx_word'/>
</head>
<body>
  <div class='ocr_page' id='page_1' title='image "./opusculavariiar00wyttgoog/opusculavariiar00wyttgoog_0311.png"; bbox 0 0 2362 4936; ppageno 0'>
   <div class='ocr_carea' id='block_1_1' title="bbox 21 436 853 591">
    <p class='ocr_par' dir='ltr' id='par_1_1' title="bbox 21 436 853 591">
     <span class='ocr_line' id='line_1_1' title="bbox 21 436 853 591; baseline 0.006 -31"><span class='ocrx_word' id='word_1_1' title='bbox 21 546 27 560; x_wconf 92' lang='lat'><strong>.</strong></span> <span class='ocrx_word' id='word_1_2' title='bbox 101 504 162 591; x_wconf 61' lang='grc' dir='ltr'><strong>με</strong></span> <span class='ocrx_word' id='word_1_3' title='bbox 313 436 853 569; x_wconf 50' lang='lat' dir='ltr'><strong>nannnrnnrn&#39;</strong></span> 
     </span>
    </p>
   </div>
   <div class='ocr_carea' id='block_1_2' title="bbox 1 654 1055 4252">
    <p class='ocr_par' dir='ltr' id='par_1_2' title="bbox 105 654 1054 1793">
     <span class='ocr_line' id='line_1_2' title="bbox 146 654 1043 776; baseline 0.004 -24"><span class='ocrx_word' id='word_1_4' title='bbox 146 687 351 776; x_wconf 81' lang='lat' dir='ltr'><strong>Quamquam</strong></span> <span class='ocrx_word' id='word_1_5' title='bbox 370 686 485 751; x_wconf 87' lang='lat' dir='ltr'><strong>horum</strong></span> <span class='ocrx_word' id='word_1_6' title='bbox 510 702 661 751; x_wconf 86' lang='lat' dir='ltr'><strong>versuum</strong></span> <span class='ocrx_word' id='word_1_7' title='bbox 687 699 725 749; x_wconf 92' lang='lat' dir='ltr'><strong>ut</strong></span> <span class='ocrx_word' id='word_1_8' title='bbox 739 654 807 750; x_wconf 32' lang='lat' dir='ltr'><strong>‘tres</strong></span> <span class='ocrx_word' id='word_1_9' title='bbox 828 684 946 767; x_wconf 77' lang='lat' dir='ltr'><strong>priores</strong></span> <span class='ocrx_word' id='word_1_10' title='bbox 964 705 1004 756; x_wconf 74' lang='lat' dir='ltr'><strong>n·</strong></span> <span class='ocrx_word' id='word_1_11' title='bbox 1042 725 1043 728; x_wconf 33' lang='lat'>¹</span> 
     </span>
     <span class='ocr_line' id='line_1_3' title="bbox 105 796 1047 886; baseline 0.001 -17"><span class='ocrx_word' id='word_1_12' title='bbox 105 802 264 870; x_wconf 84' lang='lat' dir='ltr'><strong>rissimam</strong></span> <span class='ocrx_word' id='word_1_13' title='bbox 285 801 471 868; x_wconf 82' lang='lat' dir='ltr'><strong>sententiam</strong></span> <span class='ocrx_word' id='word_1_14' title='bbox 496 800 612 866; x_wconf 83' lang='lat' dir='ltr'><strong>habere</strong></span> <span class='ocrx_word' id='word_1_15' title='bbox 624 796 831 885; x_wconf 80' lang='lat' dir='ltr'><strong>judicamus,</strong></span> <span class='ocrx_word' id='word_1_16' title='bbox 846 801 890 869; x_wconf 90' lang='lat' dir='ltr'><strong>ita</strong></span> <span class='ocrx_word' id='word_1_17' title='bbox 905 819 1009 886; x_wconf 63' lang='lat' dir='ltr'><strong>postre-</strong></span> <span class='ocrx_word' id='word_1_18' title='bbox 1045 839 1047 841; x_wconf 53' lang='lat'>&gt;</span> 
     </span>
     <span class='ocr_line' id='line_1_4' title="bbox 108 912 1008 999; baseline 0.003 -18"><span class='ocrx_word' id='word_1_19' title='bbox 108 935 197 981; x_wconf 93' lang='lat' dir='ltr'><strong>mum</strong></span> <span class='ocrx_word' id='word_1_20' title='bbox 217 915 295 981; x_wconf 87' lang='lat' dir='ltr'><strong>nihii</strong></span> <span class='ocrx_word' id='word_1_21' title='bbox 316 913 436 981; x_wconf 88' lang='lat' dir='ltr'><strong>minus.</strong></span> <span class='ocrx_word' id='word_1_22' title='bbox 465 912 604 980; x_wconf 89' lang='lat' dir='ltr'><strong>Mortem</strong></span> <span class='ocrx_word' id='word_1_23' title='bbox 622 935 688 981; x_wconf 90' lang='lat' dir='ltr'><strong>non</strong></span> <span class='ocrx_word' id='word_1_24' title='bbox 703 934 773 981; x_wconf 89' lang='lat' dir='ltr'><strong>esse</strong></span> <span class='ocrx_word' id='word_1_25' title='bbox 788 916 940 999; x_wconf 83' lang='lat' dir='ltr'><strong>exilium,</strong></span> <span class='ocrx_word' id='word_1_26' title='bbox 953 917 1008 998; x_wconf 78' lang='lat' dir='ltr'><strong>nd,</strong></span> 
     </span>
     <span class='ocr_line' id='line_1_5' title="bbox 106 1030 1010 1112; baseline 0.001 -13"><span class='ocrx_word' id='word_1_27' title='bbox 106 1047 220 1099; x_wconf 88' lang='lat' dir='ltr'><strong>contra</strong></span> <span class='ocrx_word' id='word_1_28' title='bbox 228 1033 304 1097; x_wconf 91' lang='lat' dir='ltr'><strong>adeo</strong></span> <span class='ocrx_word' id='word_1_29' title='bbox 316 1078 328 1109; x_wconf 86' lang='lat'>,</span> <span class='ocrx_word' id='word_1_30' title='bbox 339 1031 473 1096; x_wconf 89' lang='lat' dir='ltr'><strong>reditum</strong></span> <span class='ocrx_word' id='word_1_31' title='bbox 488 1031 521 1096; x_wconf 93' lang='lat' dir='ltr'><strong>in</strong></span> <span class='ocrx_word' id='word_1_32' title='bbox 540 1031 699 1112; x_wconf 85' lang='lat' dir='ltr'><strong>patriam,</strong></span> <span class='ocrx_word' id='word_1_33' title='bbox 717 1046 842 1112; x_wconf 86' lang='lat' dir='ltr'><strong>poterat</strong></span> <span class='ocrx_word' id='word_1_34' title='bbox 854 1032 950 1099; x_wconf 86' lang='lat' dir='ltr'><strong>Poeta</strong></span> <span class='ocrx_word' id='word_1_35' title='bbox 963 1030 1010 1100; x_wconf 72' lang='lat' dir='ltr'><strong>dia</strong></span> 
     </span>
     <span class='ocr_line' id='line_1_6' title="bbox 106 1147 1012 1232; baseline -0.002 -16"><span class='ocrx_word' id='word_1_36' title='bbox 106 1167 180 1217; x_wconf 88' lang='lat' dir='ltr'><strong>cere</strong></span> <span class='ocrx_word' id='word_1_37' title='bbox 197 1149 216 1214; x_wconf 78' lang='lat' dir='ltr'><strong>a</strong></span> <span class='ocrx_word' id='word_1_38' title='bbox 232 1149 437 1232; x_wconf 73' lang='lat' dir='ltr'><strong>Pychagora,</strong></span> <span class='ocrx_word' id='word_1_39' title='bbox 461 1162 492 1213; x_wconf 90' lang='lat' dir='ltr'><strong>et</strong></span> <span class='ocrx_word' id='word_1_40' title='bbox 515 1147 649 1213; x_wconf 85' lang='lat' dir='ltr'><strong>Platone</strong></span> <span class='ocrx_word' id='word_1_41' title='bbox 673 1147 810 1231; x_wconf 86' lang='lat' dir='ltr'><strong>aliisque</strong></span> <span class='ocrx_word' id='word_1_42' title='bbox 832 1147 1012 1215; x_wconf 78' lang='lat' dir='ltr'><strong>Graecum</strong></span> 
     </span>
     <span class='ocr_line' id='line_1_7' title="bbox 109 1238 1024 1350; baseline 0.003 -18"><span class='ocrx_word' id='word_1_43' title='bbox 109 1264 248 1350; x_wconf 49' lang='lat' dir='ltr'><strong>legendo.</strong></span> <span class='ocrx_word' id='word_1_44' title='bbox 263 1266 327 1332; x_wconf 91' lang='lat' dir='ltr'><strong>srbi</strong></span> <span class='ocrx_word' id='word_1_45' title='bbox 344 1263 509 1349; x_wconf 83' lang='lat' dir='ltr'><strong>cognitis:</strong></span> <span class='ocrx_word' id='word_1_46' title='bbox 533 1278 657 1345; x_wconf 85' lang='lat' dir='ltr'><strong>poterat</strong></span> <span class='ocrx_word' id='word_1_47' title='bbox 676 1263 887 1344; x_wconf 76' lang='lat' dir='ltr'><strong>aRomanis,</strong></span> <span class='ocrx_word' id='word_1_48' title='bbox 901 1238 1024 1335; x_wconf 63' lang='lat' dir='ltr'><strong>eicon}</strong></span> 
     </span>
     <span class='ocr_line' id='line_1_8' title="bbox 109 1377 1022 1463; baseline -0.004 -16"><span class='ocrx_word' id='word_1_49' title='bbox 109 1395 173 1461; x_wconf 86' lang='lat' dir='ltr'><strong>ne,</strong></span> <span class='ocrx_word' id='word_1_50' title='bbox 196 1395 227 1444; x_wconf 89' lang='lat' dir='ltr'><strong>et</strong></span> <span class='ocrx_word' id='word_1_51' title='bbox 245 1378 386 1463; x_wconf 79' lang='lat' dir='ltr'>Virgilio</span> <span class='ocrx_word' id='word_1_52' title='bbox 404 1397 485 1445; x_wconf 89' lang='lat' dir='ltr'><strong>suo:</strong></span> <span class='ocrx_word' id='word_1_53' title='bbox 512 1379 569 1460; x_wconf 91' lang='lat' dir='ltr'><strong>qui</strong></span> <span class='ocrx_word' id='word_1_54' title='bbox 586 1377 682 1445; x_wconf 88' lang='lat' dir='ltr'><strong>nobis</strong></span> <span class='ocrx_word' id='word_1_55' title='bbox 700 1378 798 1463; x_wconf 82' lang='lat' dir='ltr'><strong>magis</strong></span> <span class='ocrx_word' id='word_1_56' title='bbox 817 1379 1022 1460; x_wconf 56' lang='lat' dir='ltr'><strong>persuadeam·</strong></span> 
     </span>
     <span class='ocr_line' id='line_1_9' title="bbox 110 1491 1017 1574; baseline 0.007 -20"><span class='ocrx_word' id='word_1_57' title='bbox 110 1512 205 1574; x_wconf 86' lang='lat' dir='ltr'><strong>quam</strong></span> <span class='ocrx_word' id='word_1_58' title='bbox 235 1494 412 1573; x_wconf 77' lang='lat' dir='ltr'><strong>Horatius,</strong></span> <span class='ocrx_word' id='word_1_59' title='bbox 435 1504 596 1560; x_wconf 89' lang='lat' dir='ltr'><strong>caeterum</strong></span> <span class='ocrx_word' id='word_1_60' title='bbox 621 1491 836 1572; x_wconf 72' lang='lat' dir='ltr'><strong>admirabilis,</strong></span> <span class='ocrx_word' id='word_1_61' title='bbox 860 1509 894 1560; x_wconf 91' lang='lat' dir='ltr'><strong>at</strong></span> <span class='ocrx_word' id='word_1_62' title='bbox 919 1493 1017 1567; x_wconf 83' lang='lat' dir='ltr'><strong>hocin</strong></span> 
     </span>
     <span class='ocr_line' id='line_1_10' title="bbox 110 1605 1015 1692; baseline 0 -17"><span class='ocrx_word' id='word_1_63' title='bbox 110 1623 321 1692; x_wconf 83' lang='lat' dir='ltr'><strong>argumento,</strong></span> <span class='ocrx_word' id='word_1_64' title='bbox 334 1608 383 1672; x_wconf 84' lang='lat' dir='ltr'><strong>vel</strong></span> <span class='ocrx_word' id='word_1_65' title='bbox 401 1606 580 1690; x_wconf 81' lang='lat' dir='ltr'><strong>Eplcurum</strong></span> <span class='ocrx_word' id='word_1_66' title='bbox 595 1607 646 1674; x_wconf 84' lang='lat' dir='ltr'><strong>vel</strong></span> <span class='ocrx_word' id='word_1_67' title='bbox 659 1605 783 1689; x_wconf 67' lang='lat' dir='ltr'><strong>pieb&#39;e‘m</strong></span> <span class='ocrx_word' id='word_1_68' title='bbox 797 1628 947 1692; x_wconf 87' lang='lat' dir='ltr'><strong>sequens.</strong></span> <span class='ocrx_word' id='word_1_69' title='bbox 966 1607 1015 1675; x_wconf 71' lang='lat' dir='ltr'><strong>su</strong></span> 
     </span>
     <span class='ocr_line' id='line_1_11' title="bbox 105 1722 890 1793; baseline -0.006 -3"><span class='ocrx_word' id='word_1_70' title='bbox 105 1722 183 1791; x_wconf 86' lang='lat' dir='ltr'><strong>haec</strong></span> <span class='ocrx_word' id='word_1_71' title='bbox 203 1725 369 1793; x_wconf 87' lang='lat' dir='ltr'><strong>hactenus.</strong></span> <span class='ocrx_word' id='word_1_72' title='bbox 886 1732 890 1739; x_wconf 86' lang='lat'>&#39;</span> 
     </span>
    </p>

    <p class='ocr_par' dir='ltr' id='par_1_3' title="bbox 1 1830 1055 4149">
     <span class='ocr_line' id='line_1_12' title="bbox 147 1830 1019 1923; baseline 0.007 -20"><span class='ocrx_word' id='word_1_73' title='bbox 147 1837 175 1904; x_wconf 94' lang='grc' dir='ltr'><strong>Ι.</strong></span> <span class='ocrx_word' id='word_1_74' title='bbox 211 1830 400 1903; x_wconf 84' lang='lat' dir='ltr'><strong>Amico&#39;rum</strong></span> <span class='ocrx_word' id='word_1_75' title='bbox 426 1852 552 1921; x_wconf 88' lang='lat' dir='ltr'><strong>autem,</strong></span> <span class='ocrx_word' id='word_1_76' title='bbox 585 1859 670 1923; x_wconf 90' lang='lat' dir='ltr'><strong>quos</strong></span> <span class='ocrx_word' id='word_1_77' title='bbox 695 1859 870 1909; x_wconf 89' lang='lat' dir='ltr'><strong>memorare</strong></span> <span class='ocrx_word' id='word_1_78' title='bbox 893 1838 1019 1923; x_wconf 73' lang='lat' dir='ltr'><strong>institui·</strong></span> 
     </span>
     <span class='ocr_line' id='line_1_13' title="bbox 108 1940 1025 2053; baseline -0.002 -28"><span class='ocrx_word' id='word_1_79' title='bbox 108 1955 338 2040; x_wconf 84' lang='lat' dir='ltr'><strong>mus‚&#39;prima</strong></span> <span class='ocrx_word' id='word_1_80' title='bbox 364 1956 554 2045; x_wconf 83' lang='lat' dir='ltr'><strong>Hieronymi</strong></span> <span class='ocrx_word' id='word_1_81' title='bbox 577 1957 710 2025; x_wconf 80' lang='lat' dir='ltr'><strong>Roschii</strong></span> <span class='ocrx_word' id='word_1_82' title='bbox 733 1940 804 2024; x_wconf 80' lang='lat' dir='ltr'><strong>sors</strong></span> <span class='ocrx_word' id='word_1_83' title='bbox 823 1959 1025 2053; x_wconf 50' lang='lat' dir='ltr'><strong>entismo:</strong></span> 
     </span>
     <span class='ocr_line' id='line_1_14' title="bbox 108 2071 1013 2160; baseline 0 -20"><span class='ocrx_word' id='word_1_84' title='bbox 108 2074 164 2141; x_wconf 86' lang='lat' dir='ltr'><strong>die</strong></span> <span class='ocrx_word' id='word_1_85' title='bbox 180 2072 285 2156; x_wconf 83' lang='lat' dir='ltr'><strong>primo</strong></span> <span class='ocrx_word' id='word_1_86' title='bbox 308 2071 398 2156; x_wconf 85' lang='lat' dir='ltr'><strong>Junii</strong></span> <span class='ocrx_word' id='word_1_87' title='bbox 423 2073 497 2139; x_wconf 84' lang='lat' dir='ltr'><strong>anni</strong></span> <span class='ocrx_word' id='word_1_88' title='bbox 513 2073 748 2142; x_wconf 86' lang='lat' dir='ltr'><strong>MDCCCXI:</strong></span> <span class='ocrx_word' id='word_1_89' title='bbox 772 2092 875 2156; x_wconf 90' lang='lat' dir='ltr'><strong>quum</strong></span> <span class='ocrx_word' id='word_1_90' title='bbox 891 2073 1013 2160; x_wconf 76' lang='lat' dir='ltr'><strong>ejusdem</strong></span> 
     </span>
     <span class='ocr_line' id='line_1_15' title="bbox 110 2187 1026 2274; baseline -0.009 -17"><span class='ocrx_word' id='word_1_91' title='bbox 110 2189 187 2257; x_wconf 82' lang='lat' dir='ltr'><strong>anni</strong></span> <span class='ocrx_word' id='word_1_92' title='bbox 210 2191 260 2255; x_wconf 86' lang='lat' dir='ltr'><strong>die</strong></span> <span class='ocrx_word' id='word_1_93' title='bbox 278 2190 417 2271; x_wconf 89' lang='lat' dir='ltr'><strong>septimo</strong></span> <span class='ocrx_word' id='word_1_94' title='bbox 436 2188 619 2271; x_wconf 81' lang='lat' dir='ltr'><strong>Februarii,</strong></span> <span class='ocrx_word' id='word_1_95' title='bbox 642 2206 673 2256; x_wconf 90' lang='lat' dir='ltr'><strong>et</strong></span> <span class='ocrx_word' id='word_1_96' title='bbox 694 2205 812 2272; x_wconf 89' lang='lat' dir='ltr'><strong>quarto</strong></span> <span class='ocrx_word' id='word_1_97' title='bbox 837 2187 972 2274; x_wconf 75' lang='lat' dir='ltr'><strong>Aprilis,</strong></span> <span class='ocrx_word' id='word_1_98' title='bbox 988 2195 1026 2250; x_wconf 49' lang='lat' dir='ltr'><strong>et*</strong></span> 
     </span>
     <span class='ocr_line' id='line_1_16' title="bbox 108 2302 1018 2392; baseline 0.002 -18"><span class='ocrx_word' id='word_1_99' title='bbox 108 2307 285 2392; x_wconf 83' lang='lat' dir='ltr'><strong>superioris</strong></span> <span class='ocrx_word' id='word_1_100' title='bbox 303 2325 410 2373; x_wconf 86' lang='lat' dir='ltr'><strong>mense</strong></span> <span class='ocrx_word' id='word_1_101' title='bbox 422 2306 546 2392; x_wconf 86' lang='lat' dir='ltr'><strong>Junio‚</strong></span> <span class='ocrx_word' id='word_1_102' title='bbox 569 2307 704 2386; x_wconf 86' lang='lat' dir='ltr'><strong>Leidam</strong></span> <span class='ocrx_word' id='word_1_103' title='bbox 725 2309 860 2377; x_wconf 87' lang='lat' dir='ltr'><strong>veniens</strong></span> <span class='ocrx_word' id='word_1_104' title='bbox 877 2307 923 2376; x_wconf 91' lang='lat' dir='ltr'><strong>sic</strong></span> <span class='ocrx_word' id='word_1_105' title='bbox 943 2302 1018 2390; x_wconf 77' lang='lat' dir='ltr'><strong>apud</strong></span> 
     </span>
     <span class='ocr_line' id='line_1_17' title="bbox 108 2409 1019 2509; baseline -0.004 -17"><span class='ocrx_word' id='word_1_106' title='bbox 108 2445 161 2492; x_wconf 91' lang='lat' dir='ltr'><strong>me</strong></span> <span class='ocrx_word' id='word_1_107' title='bbox 182 2423 323 2506; x_wconf 85' lang='lat' dir='ltr'><strong>fuisset,</strong></span> <span class='ocrx_word' id='word_1_108' title='bbox 347 2443 384 2491; x_wconf 91' lang='lat' dir='ltr'><strong>ut</strong></span> <span class='ocrx_word' id='word_1_109' title='bbox 411 2423 489 2490; x_wconf 90' lang='lat' dir='ltr'><strong>mihi</strong></span> <span class='ocrx_word' id='word_1_110' title='bbox 510 2409 643 2509; x_wconf 88' lang='lat' dir='ltr'><strong>prorsus</strong></span> <span class='ocrx_word' id='word_1_111' title='bbox 670 2439 806 2492; x_wconf 80' lang='lat' dir='ltr'><strong>veterem</strong></span> <span class='ocrx_word' id='word_1_112' title='bbox 832 2437 1019 2491; x_wconf 76' lang='lat' dir='ltr'><strong>amoremne·</strong></span> 
     </span>
     <span class='ocr_line' id='line_1_18' title="bbox 106 2541 1018 2628; baseline 0 -20"><span class='ocrx_word' id='word_1_113' title='bbox 106 2541 231 2626; x_wconf 81' lang='lat' dir='ltr'><strong>ferret,</strong></span> <span class='ocrx_word' id='word_1_114' title='bbox 260 2543 419 2609; x_wconf 84' lang='lat' dir='ltr'><strong>affirmans</strong></span> <span class='ocrx_word' id='word_1_115' title='bbox 453 2541 574 2610; x_wconf 86' lang='lat' dir='ltr'><strong>frustra</strong></span> <span class='ocrx_word' id='word_1_116' title='bbox 601 2545 764 2611; x_wconf 79' lang='lat' dir='ltr'><strong>laborasse</strong></span> <span class='ocrx_word' id='word_1_117' title='bbox 788 2543 1018 2628; x_wconf 79' lang='lat' dir='ltr'><strong>sycophantas,</strong></span> 
     </span>
     <span class='ocr_line' id='line_1_19' title="bbox 110 2642 1021 2737; baseline -0.002 -15"><span class='ocrx_word' id='word_1_118' title='bbox 110 2663 147 2722; x_wconf 82' lang='lat' dir='ltr'><strong>ut</strong></span> <span class='ocrx_word' id='word_1_119' title='bbox 164 2658 303 2724; x_wconf 87' lang='lat' dir='ltr'><strong>animum</strong></span> <span class='ocrx_word' id='word_1_120' title='bbox 323 2657 428 2737; x_wconf 87' lang='lat' dir='ltr'><strong>ipsius</strong></span> <span class='ocrx_word' id='word_1_121' title='bbox 447 2658 465 2720; x_wconf 74' lang='lat' dir='ltr'><strong>a</strong></span> <span class='ocrx_word' id='word_1_122' title='bbox 483 2674 532 2719; x_wconf 86' lang='lat' dir='ltr'><strong>me</strong></span> <span class='ocrx_word' id='word_1_123' title='bbox 550 2642 773 2724; x_wconf 79' lang='lat' dir='ltr'><strong>abalienarent.</strong></span> <span class='ocrx_word' id='word_1_124' title='bbox 804 2655 1021 2723; x_wconf 72' lang='lat' dir='ltr'><strong>Maniburdrc</strong></span> 
     </span>
     <span class='ocr_line' id='line_1_20' title="bbox 14 2771 1016 2857; baseline -0.001 -19"><span class='ocrx_word' id='word_1_125' title='bbox 14 2814 17 2820; x_wconf 90' lang='lat'><em>-</em></span> <span class='ocrx_word' id='word_1_126' title='bbox 109 2777 190 2839; x_wconf 80' lang='lat' dir='ltr'><strong>:atis</strong></span> <span class='ocrx_word' id='word_1_127' title='bbox 214 2785 271 2841; x_wconf 78' lang='lat' dir='ltr'><strong>cst.</strong></span> <span class='ocrx_word' id='word_1_128' title='bbox 317 2771 399 2838; x_wconf 89' lang='lat' dir='ltr'><strong>Nam</strong></span> <span class='ocrx_word' id='word_1_129' title='bbox 426 2772 464 2836; x_wconf 93' lang='lat' dir='ltr'><strong>de</strong></span> <span class='ocrx_word' id='word_1_130' title='bbox 483 2773 560 2837; x_wconf 88' lang='lat' dir='ltr'><strong>vivo</strong></span> <span class='ocrx_word' id='word_1_131' title='bbox 579 2773 630 2839; x_wconf 91' lang='lat' dir='ltr'><strong>bis</strong></span> <span class='ocrx_word' id='word_1_132' title='bbox 649 2772 812 2857; x_wconf 85' lang='lat' dir='ltr'><strong>diximus,</strong></span> <span class='ocrx_word' id='word_1_133' title='bbox 835 2778 902 2842; x_wconf 91' lang='lat' dir='ltr'><strong>duo</strong></span> <span class='ocrx_word' id='word_1_134' title='bbox 923 2772 1016 2842; x_wconf 84' lang='lat' dir='ltr'><strong>amici-</strong></span> 
     </span>
     <span class='ocr_line' id='line_1_21' title="bbox 108 2882 1039 2979; baseline 0.001 -22"><span class='ocrx_word' id='word_1_135' title='bbox 108 2893 171 2960; x_wconf 83' lang='lat' dir='ltr'><strong>tiae</strong></span> <span class='ocrx_word' id='word_1_136' title='bbox 185 2887 313 2956; x_wconf 86' lang='lat' dir='ltr'><strong>nostrae</strong></span> <span class='ocrx_word' id='word_1_137' title='bbox 329 2905 534 2957; x_wconf 87' lang='lat' dir='ltr'><strong>monumenta</strong></span> <span class='ocrx_word' id='word_1_138' title='bbox 556 2893 750 2975; x_wconf 88' lang='lat' dir='ltr'><strong>posuimus:</strong></span> <span class='ocrx_word' id='word_1_139' title='bbox 775 2897 931 2979; x_wconf 88' lang='lat' dir='ltr'><strong>aiterum,</strong></span> <span class='ocrx_word' id='word_1_140' title='bbox 950 2882 1039 2977; x_wconf 49' lang='lat' dir='ltr'><strong>Epi?</strong></span> 
     </span>
     <span class='ocr_line' id='line_1_22' title="bbox 107 3003 1019 3087; baseline -0.001 -14"><span class='ocrx_word' id='word_1_141' title='bbox 107 3007 246 3087; x_wconf 88' lang='lat' dir='ltr'><strong>stolam,</strong></span> <span class='ocrx_word' id='word_1_142' title='bbox 276 3022 339 3085; x_wconf 88' lang='lat' dir='ltr'><strong>qua</strong></span> <span class='ocrx_word' id='word_1_143' title='bbox 364 3003 507 3071; x_wconf 89' lang='lat' dir='ltr'><strong>Bosehio</strong></span> <span class='ocrx_word' id='word_1_144' title='bbox 534 3005 657 3072; x_wconf 86' lang='lat' dir='ltr'><strong>Partem</strong></span> <span class='ocrx_word' id='word_1_145' title='bbox 686 3009 885 3077; x_wconf 84' lang='lat' dir='ltr'><strong>undecimam</strong></span> <span class='ocrx_word' id='word_1_146' title='bbox 909 3008 1019 3074; x_wconf 84' lang='lat' dir='ltr'><strong>Biblio·</strong></span> 
     </span>
     <span class='ocr_line' id='line_1_23' title="bbox 105 3128 1037 3214; baseline 0.006 -19"><span class='ocrx_word' id='word_1_147' title='bbox 105 3133 216 3197; x_wconf 85' lang='lat' dir='ltr'><strong>thecae</strong></span> <span class='ocrx_word' id='word_1_148' title='bbox 237 3128 378 3214; x_wconf 86' lang='lat' dir='ltr'><strong>Criticae</strong></span> <span class='ocrx_word' id='word_1_149' title='bbox 402 3128 606 3196; x_wconf 87' lang='lat' dir='ltr'><strong>dicavimus:</strong></span> <span class='ocrx_word' id='word_1_150' title='bbox 629 3133 783 3212; x_wconf 85' lang='lat' dir='ltr'><strong>alterum,</strong></span> <span class='ocrx_word' id='word_1_151' title='bbox 806 3131 1037 3201; x_wconf 47' lang='lat' dir='ltr'><strong>Narrationes:</strong></span> 
     </span>
     <span class='ocr_line' id='line_1_24' title="bbox 1 3245 1018 3342; baseline -0.008 -27"><span class='ocrx_word' id='word_1_152' title='bbox 1 3322 2 3330; x_wconf 8' lang='grc' dir='ltr'>χ</span> <span class='ocrx_word' id='word_1_153' title='bbox 105 3248 145 3316; x_wconf 90' lang='lat' dir='ltr'><strong>de</strong></span> <span class='ocrx_word' id='word_1_154' title='bbox 161 3250 231 3342; x_wconf 68' lang='lat' dir='ltr'><strong>eius</strong></span> <span class='ocrx_word' id='word_1_155' title='bbox 249 3246 388 3313; x_wconf 87' lang='lat' dir='ltr'><strong>editione</strong></span> <span class='ocrx_word' id='word_1_156' title='bbox 402 3247 620 3341; x_wconf 85' lang='lat' dir='ltr'><strong>Anthologiae</strong></span> <span class='ocrx_word' id='word_1_157' title='bbox 639 3245 804 3329; x_wconf 91' lang='lat' dir='ltr'><strong>Graecae,</strong></span> <span class='ocrx_word' id='word_1_158' title='bbox 817 3247 851 3316; x_wconf 88' lang='lat' dir='ltr'><strong>in</strong></span> <span class='ocrx_word' id='word_1_159' title='bbox 872 3245 1018 3313; x_wconf 75' lang='lat' dir='ltr'><strong>Philome·</strong></span> 
     </span>
     <span class='ocr_line' id='line_1_25' title="bbox 106 3360 1034 3443; baseline -0.008 -14"><span class='ocrx_word' id='word_1_160' title='bbox 106 3367 190 3433; x_wconf 87' lang='lat' dir='ltr'><strong>thiae</strong></span> <span class='ocrx_word' id='word_1_161' title='bbox 206 3365 289 3431; x_wconf 92' lang='lat' dir='ltr'><strong>libro</strong></span> <span class='ocrx_word' id='word_1_162' title='bbox 305 3363 459 3434; x_wconf 86' lang='lat' dir='ltr'><strong>secundo.</strong></span> <span class='ocrx_word' id='word_1_163' title='bbox 493 3360 567 3429; x_wconf 91' lang='lat' dir='ltr'><strong>Huc</strong></span> <span class='ocrx_word' id='word_1_164' title='bbox 587 3362 729 3441; x_wconf 81' lang='lat' dir='ltr'><strong>accedit,</strong></span> <span class='ocrx_word' id='word_1_165' title='bbox 747 3380 815 3443; x_wconf 91' lang='lat' dir='ltr'><strong>quo</strong></span> <span class='ocrx_word' id='word_1_166' title='bbox 834 3362 943 3426; x_wconf 82' lang='lat' dir='ltr'><strong>minus</strong></span> <span class='ocrx_word' id='word_1_167' title='bbox 955 3361 1034 3443; x_wconf 84' lang='lat' dir='ltr'><strong>piu·-</strong></span> 
     </span>
     <span class='ocr_line' id='line_1_26' title="bbox 101 3474 1019 3560; baseline -0.019 -9"><span class='ocrx_word' id='word_1_168' title='bbox 101 3474 143 3551; x_wconf 83' lang='lat' dir='ltr'><strong>¹ru</strong></span> <span class='ocrx_word' id='word_1_169' title='bbox 165 3481 333 3560; x_wconf 90' lang='lat' dir='ltr'><strong>dicamus,</strong></span> <span class='ocrx_word' id='word_1_170' title='bbox 357 3479 447 3559; x_wconf 89' lang='lat' dir='ltr'><strong>quod</strong></span> <span class='ocrx_word' id='word_1_171' title='bbox 465 3477 497 3543; x_wconf 90' lang='lat' dir='ltr'><strong>in</strong></span> <span class='ocrx_word' id='word_1_172' title='bbox 515 3478 644 3544; x_wconf 86' lang='lat' dir='ltr'><strong>alienam</strong></span> <span class='ocrx_word' id='word_1_173' title='bbox 666 3476 865 3559; x_wconf 80' lang='lat' dir='ltr'><strong>provinciam</strong></span> <span class='ocrx_word' id='word_1_174' title='bbox 887 3475 1019 3541; x_wconf 80' lang='lat' dir='ltr'><strong>invadere</strong></span> 
     </span>
     <span class='ocr_line' id='line_1_27' title="bbox 105 3590 1022 3680; baseline -0.011 -13"><span class='ocrx_word' id='word_1_175' title='bbox 105 3599 282 3680; x_wconf 79' lang='lat' dir='ltr'><strong>nolumus:</strong></span> <span class='ocrx_word' id='word_1_176' title='bbox 306 3600 334 3663; x_wconf 91' lang='lat' dir='ltr'><strong>si</strong></span> <span class='ocrx_word' id='word_1_177' title='bbox 351 3598 479 3679; x_wconf 88' lang='lat' dir='ltr'><strong>quidem</strong></span> <span class='ocrx_word' id='word_1_178' title='bbox 500 3611 532 3663; x_wconf 89' lang='lat' dir='ltr'><strong>et</strong></span> <span class='ocrx_word' id='word_1_179' title='bbox 552 3596 682 3680; x_wconf 85' lang='lat' dir='ltr'><strong>publice</strong></span> <span class='ocrx_word' id='word_1_180' title='bbox 703 3595 874 3678; x_wconf 89' lang='lat' dir='ltr'><strong>proposito</strong></span> <span class='ocrx_word' id='word_1_181' title='bbox 891 3590 1022 3680; x_wconf 86' lang='lat' dir='ltr'><strong>praemio</strong></span> 
     </span>
     <span class='ocr_line' id='line_1_28' title="bbox 103 3715 1024 3804; baseline -0.002 -21"><span class='ocrx_word' id='word_1_182' title='bbox 103 3716 232 3783; x_wconf 82' lang='lat' dir='ltr'><strong>invitati</strong></span> <span class='ocrx_word' id='word_1_183' title='bbox 259 3728 336 3781; x_wconf 90' lang='lat' dir='ltr'><strong>sunt</strong></span> <span class='ocrx_word' id='word_1_184' title='bbox 362 3716 450 3781; x_wconf 90' lang='lat' dir='ltr'><strong>docti</strong></span> <span class='ocrx_word' id='word_1_185' title='bbox 479 3716 624 3781; x_wconf 89' lang='lat' dir='ltr'><strong>homines</strong></span> <span class='ocrx_word' id='word_1_186' title='bbox 653 3717 694 3783; x_wconf 90' lang='lat' dir='ltr'><strong>ad</strong></span> <span class='ocrx_word' id='word_1_187' title='bbox 720 3715 853 3781; x_wconf 77' lang='lat' dir='ltr'><strong>Boethii</strong></span> <span class='ocrx_word' id='word_1_188' title='bbox 879 3716 1024 3804; x_wconf 71' lang='lat' dir='ltr'><strong>Elogr&#39;un</strong></span> 
     </span>
     <span class='ocr_line' id='line_1_29' title="bbox 103 3828 1023 3914; baseline -0.008 -15"><span class='ocrx_word' id='word_1_189' title='bbox 103 3829 329 3900; x_wconf 84' lang='lat' dir='ltr'><strong>scribendum:</strong></span> <span class='ocrx_word' id='word_1_190' title='bbox 342 3845 372 3894; x_wconf 90' lang='lat' dir='ltr'><strong>et</strong></span> <span class='ocrx_word' id='word_1_191' title='bbox 391 3848 449 3894; x_wconf 87' lang='lat' dir='ltr'><strong>sua</strong></span> <span class='ocrx_word' id='word_1_192' title='bbox 467 3844 582 3910; x_wconf 87' lang='lat' dir='ltr'><strong>sponte</strong></span> <span class='ocrx_word' id='word_1_193' title='bbox 600 3830 634 3894; x_wconf 85' lang='lat' dir='ltr'><strong>id</strong></span> <span class='ocrx_word' id='word_1_194' title='bbox 652 3846 743 3914; x_wconf 77' lang='lat' dir='ltr'><strong>agere</strong></span> <span class='ocrx_word' id='word_1_195' title='bbox 756 3828 876 3894; x_wconf 89' lang='lat' dir='ltr'><strong>dieitur</strong></span> <span class='ocrx_word' id='word_1_196' title='bbox 895 3829 1023 3903; x_wconf 70' lang='lat' dir='ltr'><strong>vuhuie</strong></span> 
     </span>
     <span class='ocr_line' id='line_1_30' title="bbox 105 3942 1055 4041; baseline -0.002 -27"><span class='ocrx_word' id='word_1_197' title='bbox 105 3947 216 4028; x_wconf 82' lang='lat' dir='ltr'><strong>operi,</strong></span> <span class='ocrx_word' id='word_1_198' title='bbox 240 3947 268 4013; x_wconf 83' lang='lat' dir='ltr'><strong>si</strong></span> <span class='ocrx_word' id='word_1_199' title='bbox 293 3948 369 4029; x_wconf 87' lang='lat' dir='ltr'><strong>quis</strong></span> <span class='ocrx_word' id='word_1_200' title='bbox 395 3949 498 4028; x_wconf 74' lang='lat' dir='ltr'><strong>alius,</strong></span> <span class='ocrx_word' id='word_1_201' title='bbox 514 3942 677 4026; x_wconf 86' lang='lat' dir='ltr'><strong>idoneus,</strong></span> <span class='ocrx_word' id='word_1_202' title='bbox 708 3943 1055 4041; x_wconf 71' lang='lat' dir='ltr'><strong>1).J‚1,ermepius‚··¹</strong></span> 
     </span>
     <span class='ocr_line' id='line_1_31' title="bbox 103 4059 1031 4149; baseline -0.005 -16"><span class='ocrx_word' id='word_1_203' title='bbox 103 4059 276 4137; x_wconf 60' lang='lat' dir='ltr'><strong>Processu</strong></span> <span class='ocrx_word' id='word_1_204' title='bbox 304 4063 493 4149; x_wconf 84' lang='lat' dir='ltr'><strong>Literarum</strong></span> <span class='ocrx_word' id='word_1_205' title='bbox 516 4063 552 4134; x_wconf 89' lang='lat' dir='ltr'><strong>in</strong></span> <span class='ocrx_word' id='word_1_206' title='bbox 582 4062 704 4135; x_wconf 82' lang='lat' dir='ltr'><strong>lllustri</strong></span> <span class='ocrx_word' id='word_1_207' title='bbox 719 4128 723 4135; x_wconf 85' lang='grc'><strong>,</strong></span> <span class='ocrx_word' id='word_1_208' title='bbox 739 4061 1031 4133; x_wconf 81' lang='lat' dir='ltr'><strong>Amsteiodamensi</strong></span> 
     </span>
    </p>

    <p class='ocr_par' dir='ltr' id='par_1_4' title="bbox 940 4182 1039 4252">
     <span class='ocr_line' id='line_1_32' title="bbox 940 4182 1039 4252; baseline -0.03 -1"><span class='ocrx_word' id='word_1_209' title='bbox 940 4182 1039 4252; x_wconf 62' lang='lat' dir='ltr'><strong>nino</strong></span> 
     </span>
    </p>
   </div>
   <div class='ocr_carea' id='block_1_3' title="bbox 0 0 1186 4934">
    <p class='ocr_par' dir='ltr' id='par_1_5' title="bbox 0 0 1186 4934">
     <span class='ocr_line' id='line_1_33' title="bbox 0 0 1186 4934; baseline 0 0"><span class='ocrx_word' id='word_1_210' title='bbox 0 0 1186 4934; x_wconf 95' lang='lat' dir='ltr'><strong> </strong></span> 
     </span>
    </p>
   </div>
  </div>
 </body>
</html>
