2362 4936
362 377 371 387 ³

61 550 77 605 r
251 502 805 607 intrumentum.
935 540 1004 635 ιη

103 705 159 793 licit
178 718 341 804 Epicuro,
364 716 512 800 quisine
530 735 643 790 caussa
666 719 915 790 declinationem
926 741 1004 793 stou

102 844 196 907 norun
219 835 370 918 induxit3
395 837 543 918 scilicet,
570 852 606 902 ut
628 852 659 903 et
677 822 792 904 Mundi
809 856 902 906 ortus
924 842 1005 909 Deo

101 948 216 1018 elutore
242 950 452 1032 liberaretur,
474 964 506 1013 et
528 946 677 1017 Libertas
696 951 886 1032 necessitate
904 957 1002 1018 caus*

103 1081 140 1132 stt
157 1065 352 1148 solveretur:
373 1065 470 1149 cujus
497 1065 662 1147 opinionis
682 1067 850 1134 vanitatem
875 1070 1002 1136 dudum

104 1185 235 1267 explosam
255 1179 393 1245 refutare
409 1189 476 1244 non
493 1195 578 1259 opus
594 1194 657 1244 est.
690 1183 727 1246 In
741 1181 793 1248 illa
810 1192 916 1247 autent
932 1174 1003 1247 Ve·‘

90 1297 247 1411 'ostiorum
266 1291 488 1377 ennoeogonia
510 1291 721 1382 Principium·
742 1295 881 1362 &ossae
902 1296 1002 1395 habet

106 1409 292 1477 montonem
315 1420 347 1472 ct
365 1406 585 1472 auctoritatem
604 1407 834 1492 universalem,
850 1420 935 1477 certa
949 1430 1004 1479 rae

107 1522 174 1589 lone
184 1522 357 1604 analytica,
379 1523 405 1584 ὰ
417 1526 531 1608 priore
546 1521 685 1588 notione
693 1522 924 1590 possibilitatis
939 1525 1004 1591 du·

109 1653 188 1724 nan,
208 1639 298 1722 quod
316 1640 335 1703 b
355 1656 453 1720 posse
475 1639 515 1703 td
533 1656 603 1704 esse
619 1639 779 1721 perveniri
796 1640 928 1721 nequit,
950 1641 1005 1707 ni·

109 1755 242 1839 riuliquid
261 1768 356 1821 antea
374 1755 521 1836 accedat,
545 1756 635 1836 quod
652 1756 784 1844 aliquid
795 1771 844 1823 est
862 1773 1003 1828 caussar

114 1870 179 1934 etin
199 1864 400 1952 Experieutia
420 1867 589 1951 colligitur
608 1867 732 1952 duplici
748 1868 1003 1941 observatione:

112 2000 158 2050 non
171 2000 281 2088 rantum
297 1983 603 2068 permultitudinem
617 2001 648 2050 et
675 1985 875 2051 iterationem
896 2003 1003 2050 mem-

111 2100 227 2180 plonnc
249 2101 417 2169 sedetiam
443 2118 499 2182 per
517 2103 737 2185 cognitionem
760 2104 862 2169 nesus
879 2119 1004 2169 antoce-

118 2215 270 2285 intonet
295 2216 590 2298 consequentium,
613 2217 646 2283 id
669 2233 739 2300 est,
761 2231 945 2285 caussarum
970 2235 1004 2291 et
1028 2261 1039 2286 r

123 2330 292 2400 tinctorum
314 2333 417 2398 veluti
435 2332 756 2402 remedii'salubriras·
765 2333 901 2418 cognita·
913 2350 945 2402 et
964 2356 1004 2409 ex

120 2448 195 2516 uultis
214 2451 412 2519 sanationum
435 2451 609 2534 exemplis,
635 2466 666 2517 et
691 2471 730 2518 ex
760 2454 909 2521 interiore
931 2456 1002 2536 eiua

115 2577 208 2650 utun,
226 2569 321 2664 etad
348 2565 453 2633 morbi
479 2585 584 2652 genus
608 2569 731 2636 ratione
754 2585 787 2638 et
808 2571 1002 2654 efficientia,

120 2693 212 2763 adeun
233 2688 525 2762 verisimilitudinis
542 2690 673 2773 gradum
689 2688 921 2772 confirmatur,
944 2686 1004 2771 qui

117 2824 188 2895 nnnc
201 2814 238 2880 ad
257 2826 413 2879 summam
435 2805 625 2873 evidentiam
651 2807 789 2875 accedat.
833 2804 939 2891 Quom
957 2823 1006 2869 ra·

119 2921 201 2994 tionem
217 2924 472 3014 significavimus
492 2923 525 2988 in
540 2920 699 3005 Logicis,
722 2920 794 3003 ΙΙΙ,
818 2937 857 3003 7,
883 2924 916 2985 8.

147 3025 167 3106 Ι.
188 3041 225 3109 lit
240 3042 331 3125 quod
358 3039 480 3120 ubique
494 3037 656 3117 inculcat,
678 3051 712 3101 et
728 3037 826 3103 modo
852 3053 1007 3102 memorr-

118 3150 155 3232 π’,
171 3153 282 3225 Puram
315 3155 490 3222 llot‘ionern
513 3170 576 3215 non
602 3151 697 3215 nitro
715 3146 796 3231 fines
822 3149 1007 3236 Expertes»

115 3271 177 3353 linc,
195 3295 249 3342 nec
278 3272 328 3339 od
353 3291 425 3350 res,
448 3287 529 3356 quar
555 3266 692 3332 sensibus
714 3267 859 3353 corporis
883 3267 1007 3350 orthtgi

114 3401 258 3473 memor,
278 3385 441 3478 progredi
462 3401 569 3472 posse‚·
592 3397 623 3448 er
638 3380 777 3471 proinde
798 3384 1009 3467 grauissimo·

114 3512 164 3572 luo
182 3507 386 3595 dogmatnrn,
411 3502 553 3571 Divinos
581 3500 739 3566 Naturae
763 3518 803 3564 oc
829 3495 1013 3568 Prouiden·

113 3618 175 3702 loe,
192 3623 375 3689 Libertatis
399 3633 431 3684 et
452 3615 717 3684 immortalitatis
739 3616 930 3680 Animorum
947 3618 1009 3681 itr-

115 3744 276 3817 iunorntn‚
296 3734 518 3825 probationem
544 3749 609 3797 non
631 3730 744 3797 Poroe
766 3727 940 3813 Rationis,
971 3727 1012 3795 id

117 3863 147 3911 ot
164 3856 420 3945 Metophysicoe,
444 3852 503 3919 red
516 3852 693 3919 Praeiicoe
707 3850 859 3933 Rationis
875 3868 937 3916 esse
951 3868 1010 3914 nr·

117 3977 297 4044 canentum:
320 3964 468 4052 pluribus
499 3971 645 4053 partibus
669 3971 688 4035 i
711 3986 787 4035 uero
809 3967 948 4032 aberrare
962 3962 1011 4028 ui·

64 4166 66 4175 ,
121 4079 198 4157 llu-
238 4091 402 4159 Primum:
425 4107 493 4158 nou
508 4104 745 4160 consentaneus
760 4084 824 4155 sibi
838 4098 887 4152 est
903 4083 1011 4160 ineo,

924 4196 1016 4278 quon
