2362 4936
297 344 309 377 l

249 522 820 625 ruurrrorrmurr.
892 570 1003 641 μιν

103 734 255 821 ctoritate,
274 737 413 822 orobrre
435 734 600 807 debenus.
642 734 687 802 Et
711 735 801 818 quod
818 736 944 818 quaeris
963 740 1003 807 de

107 858 242 937 utilitate,
257 856 339 922 dms
353 867 438 920 certe
452 852 574 918 attulit.
619 851 779 933 Alteram,
794 852 886 933 quod
898 855 1006 936 ulios,

67 992 69 1005 ·
102 990 171 1055 quae
181 971 243 1055 ipsi
256 970 427 1049 deessent,
447 966 713 1050 requirentes,ed
725 968 940 1049 quaerendum
954 962 1010 1036 e'rr·

103 1085 206 1152 citarit.
247 1085 415 1164 Alteram,
436 1082 528 1163 quod
552 1080 732 1179 confirmari
758 1084 899 1151 vidimus
919 1105 1007 1152 vetes
1071 1068 1077 1074 ⁸

105 1219 151 1268 cm
175 1199 360 1282 smerdem,
386 1200 523 1264 homines
550 1217 673 1287 semper
695 1221 757 1265 assa
777 1215 919 1290 pucros,
950 1220 1009 1268 nec
1109 1270 1112 1275 ,

106 1317 225 1400 pn'orurrr
238 1316 399 1397 exemplis
417 1315 538 1381 discere
552 1316 617 1382 sibi
635 1334 759 1383 cavere.
805 1317 889 1384 Nem
904 1318 1011 1400 quum

99 1431 200 1499 nuel
215 1445 290 1497 uate
308 1428 542 1511 Philosophia,
556 1447 622 1512 ,per
638 1428 689 1494 bis
707 1429 795 1495 mille
812 1443 844 1495 et
860 1430 1012 1510 quadrin-

110 1563 204 1635 grutos
223 1565 349 1628 runos,
371 1545 504 1626 quaevis
531 1543 596 1610 fere
626 1545 788 1628 generatio
817 1563 933 1612 nouem
961 1564 1015 1610 se·

68 1716 70 1759 ;
97 1676 175 1763 ¹uam
188 1662 314 1743 tulerit,
336 1680 419 1744 quae
436 1655 547 1726 verum
570 1677 661 1727 antea
681 1658 802 1728 frustra
826 1664 1012 1744 quaesitum

68 1768 71 1833 l
109 1777 246 1847 semime
261 1793 450 1864 putaretur3
474 1793 581 1846 tamen
601 1778 899 1862 proximaquaeris
916 1796 1014 1865 gene·

68 1916 70 1987 r
116 1892 201 1976 ratio,
226 1896 315 1979 quusi
338 1896 441 1967 oblita
465 1914 600 1962 errorem
628 1896 747 1978 prioris
772 1897 1015 1980 generationis,

116 2028 162 2077 rur
175 2011 229 2077 sibi
242 2016 313 2079 rice
328 2014 471 2078 eumdem
493 2031 627 2079 errorem
647 2032 760 2079 rursus
775 2014 904 2081 erravit.
949 2013 1012 2079 Er·

120 2130 205 2217 rosit
220 2132 348 2214 quidum
366 2150 461 2215 quem
479 2133 609 2211 nosris,
631 2133 765 2198 aliorum
783 2133 908 2217 judicio
923 2130 1017 2197 valde

68 2258 70 2285 ²
121 2246 232 2329 metus,
250 2262 281 2314 et
313 2265 384 2313 meo
407 2266 475 2312 non
501 2248 677 2329 indoctus,
702 2258 757 2314 mc'
776 2250 862 2316 serio
886 2250 1016 2316 monuit

68 2390 71 2451 j
122 2379 248 2445 ueporro
271 2365 365 2441 iidem
391 2363 538 2444 Platoni,
569 2364 757 2444 Aristoteli,
779 2367 918 2446 allisque
939 2350 1014 2447 plri‘·
1134 2420 1138 2433 ,

126 2475 242 2560 lotoplris
272 2478 440 2559 haberem,
475 2477 626 2543 Kantium
655 2479 738 2544 enlm
762 2481 826 2563 jam
850 2481 1015 2546 veritatem

123 2588 219 2656 umen
235 2591 400 2658 invenisse
418 2607 449 2656 et
466 2589 668 2673 patefecisse.
712 2591 844 2674 Itaque,
859 2593 1016 2678 inquam,

124 2700 188 2772 lore
205 2707 320 2792 legisti.
367 2707 444 2774 Non
467 2708 550 2790 legi,
574 2709 701 2790 inquit:
738 2710 793 2776 sed
817 2711 895 2778 adeo
921 2711 1017 2778 multi

124 2819 160 2883 ric
174 2821 334 2889 dcllrntio
350 2822 527 2903 affirment,
552 2837 587 2888 ut
606 2824 743 2891 dubitari
761 2844 909 2908 nequeat.
943 2826 1017 2910 Te,

125 2940 329 3028 uilynrene,
352 2947 409 3028 qui
425 2966 488 3012 csso
505 2961 536 3011 et
550 2945 659 3015 uideri
685 2947 880 3023 distinguere
906 2950 1017 3030 nosti,
1079 3035 1084 3044 Ι

128 3063 257 3140 luuulttis
284 3063 407 3128 elamor
434 3080 499 3127 non
525 3058 669 3141 auferet,
702 3081 760 3127 nec
790 3063 943 3147 djudicii
968 3063 1020 3129 via

125 3171 235 3256 illiciet.
274 3176 331 3242 Sic
350 3193 411 3242 nos
431 3176 547 3256 etiam,
570 3177 627 3257 qui
645 3175 733 3242 docti
751 3176 906 3258 dicimur,
930 3177 1020 3243 siml·

121 3283 156 3352 ies
167 3293 328 3376 reperimur
346 3290 456 3373 pueris
472 3305 503 3356 et
517 3291 659 3372 puellis,
683 3290 891 3359 novissimam
909 3311 1022 3374 quam·

122 3420 170 3486 que
181 3410 274 3477 restis
291 3422 323 3473 ct
343 3420 478 3472 omatus
495 3405 630 3488 speeiem
649 3404 911 3489 pulcherrimam,
933 3407 1025 3489 prio.

121 3536 170 3589 reu
190 3540 301 3592 autem·
324 3520 485 3589 inficetum
513 3522 748 3606 judicantibus.
795 3522 962 3607 Adeonec
981 3525 1024 3591 ud
1099 3584 1109 3599 ,

122 3634 352 3724 Philosophiae,
382 3656 440 3703 nec
473 3637 513 3702 ad
544 3636 726 3716 stultitiae,
757 3633 850 3701 linem
880 3638 1030 3720 perterri-

90 3808 93 3813 .
122 3768 188 3824 urs.
206 3786 213 3796 ·
229 3754 318 3836 Sed,
341 3771 377 3822 ut
402 3756 442 3820 ad
467 3773 531 3819 rem
556 3753 701 3833 redeam,
724 3753 803 3836 quid.
827 3754 904 3821 milri
927 3775 1027 3838 porro

122 3871 268 3953 eruerit,
296 3870 447 3939 audiatis.
490 3870 615 3936 Horum
644 3870 746 3953 igitur
771 3872 804 3938 lu
834 3871 944 3941 Karrtil
969 3851 1036 3938 do?

123 3982 204 4052 urina
222 4000 254 4051 et
271 3984 483 4051 admissorum
502 3983 758 4065 animadversio,
781 3997 812 4049 et
831 3985 1028 4052 omissorum

122 4092 320 4187 desideruis,
342 4098 472 4188 effecit,
494 4115 531 4168 ut
554 4101 635 4174 hene
656 4101 756 4168 Purao
781 4099 932 4172 Rationis
958 4096 1034 4168 cs·

608 4214 687 4313 N3
989 4213 1034 4289 u·
