<?xml version="1.0" encoding="UTF-8"?>
<!DOCTYPE html PUBLIC "-//W3C//DTD XHTML 1.0 Transitional//EN"
    "http://www.w3.org/TR/xhtml1/DTD/xhtml1-transitional.dtd">
<html xmlns="http://www.w3.org/1999/xhtml" xml:lang="en" lang="en">
 <head>
  <title>
</title>
<meta http-equiv="Content-Type" content="text/html;charset=utf-8" />
  <meta name='ocr-system' content='tesseract 3.04.00' />
  <meta name='ocr-capabilities' content='ocr_page ocr_carea ocr_par ocr_line ocrx_word'/>
</head>
<body>
  <div class='ocr_page' id='page_1' title='image "./opusculavariiar00wyttgoog/opusculavariiar00wyttgoog_0225.png"; bbox 0 0 2362 4936; ppageno 0'>
   <div class='ocr_carea' id='block_1_1' title="bbox 112 585 801 692">
    <p class='ocr_par' dir='ltr' id='par_1_1' title="bbox 112 585 801 692">
     <span class='ocr_line' id='line_1_1' title="bbox 112 585 801 692; baseline -0.006 -16"><span class='ocrx_word' id='word_1_1' title='bbox 112 616 179 692; x_wconf 56' lang='lat' dir='ltr'>ap</span> <span class='ocrx_word' id='word_1_2' title='bbox 325 585 330 591; x_wconf 74' lang='grc'><strong>’</strong></span> <span class='ocrx_word' id='word_1_3' title='bbox 404 585 801 673; x_wconf 69' lang='lat' dir='ltr'>Msuontn&#39;</span> 
     </span>
    </p>
   </div>
   <div class='ocr_carea' id='block_1_2' title="bbox 109 779 1030 3645">
    <p class='ocr_par' dir='ltr' id='par_1_2' title="bbox 109 779 1030 3645">
     <span class='ocr_line' id='line_1_2' title="bbox 116 779 1028 878; baseline -0.003 -20"><span class='ocrx_word' id='word_1_4' title='bbox 116 782 229 859; x_wconf 72' lang='lat' dir='ltr'>ionoes</span> <span class='ocrx_word' id='word_1_5' title='bbox 250 798 287 855; x_wconf 87' lang='lat' dir='ltr'>et</span> <span class='ocrx_word' id='word_1_6' title='bbox 303 795 452 855; x_wconf 62' lang='lat' dir='ltr'>sudores</span> <span class='ocrx_word' id='word_1_7' title='bbox 479 800 615 863; x_wconf 79' lang='lat' dir='ltr'>omnes,</span> <span class='ocrx_word' id='word_1_8' title='bbox 639 798 671 853; x_wconf 91' lang='lat' dir='ltr'>et</span> <span class='ocrx_word' id='word_1_9' title='bbox 688 779 834 856; x_wconf 78' lang='lat' dir='ltr'>accurate</span> <span class='ocrx_word' id='word_1_10' title='bbox 850 792 1028 878; x_wconf 54' lang='lat' dir='ltr'>tenesmos</span> 
     </span>
     <span class='ocr_line' id='line_1_3' title="bbox 118 886 1030 990; baseline 0.002 -13"><span class='ocrx_word' id='word_1_11' title='bbox 118 907 287 977; x_wconf 77' lang='lat' dir='ltr'>vedsslnu</span> <span class='ocrx_word' id='word_1_12' title='bbox 302 886 493 973; x_wconf 74' lang='lat' dir='ltr'>aestimaret.</span> <span class='ocrx_word' id='word_1_13' title='bbox 518 904 580 975; x_wconf 83' lang='lat' dir='ltr'>Sed</span> <span class='ocrx_word' id='word_1_14' title='bbox 592 923 694 972; x_wconf 75' lang='lat' dir='ltr'>mum</span> <span class='ocrx_word' id='word_1_15' title='bbox 706 906 784 973; x_wconf 82' lang='lat' dir='ltr'>baec</span> <span class='ocrx_word' id='word_1_16' title='bbox 800 921 961 990; x_wconf 84' lang='lat' dir='ltr'>erat,non</span> <span class='ocrx_word' id='word_1_17' title='bbox 973 931 1030 979; x_wconf 83' lang='lat' dir='ltr'>ver·</span> 
     </span>
     <span class='ocr_line' id='line_1_4' title="bbox 116 1021 1028 1111; baseline 0.002 -18"><span class='ocrx_word' id='word_1_18' title='bbox 116 1023 234 1093; x_wconf 83' lang='lat' dir='ltr'>borum</span> <span class='ocrx_word' id='word_1_19' title='bbox 261 1021 413 1095; x_wconf 73' lang='lat' dir='ltr'>scientias</span> <span class='ocrx_word' id='word_1_20' title='bbox 438 1022 544 1089; x_wconf 88' lang='lat' dir='ltr'>decrat</span> <span class='ocrx_word' id='word_1_21' title='bbox 561 1021 702 1090; x_wconf 84' lang='lat' dir='ltr'>Graecae</span> <span class='ocrx_word' id='word_1_22' title='bbox 720 1024 848 1109; x_wconf 81' lang='lat' dir='ltr'>linguae</span> <span class='ocrx_word' id='word_1_23' title='bbox 865 1029 1028 1111; x_wconf 79' lang='lat' dir='ltr'>gnmnatl·</span> 
     </span>
     <span class='ocr_line' id='line_1_5' title="bbox 114 1137 1029 1230; baseline 0.003 -20"><span class='ocrx_word' id='word_1_24' title='bbox 114 1159 154 1210; x_wconf 93' lang='lat' dir='ltr'>ca</span> <span class='ocrx_word' id='word_1_25' title='bbox 168 1137 350 1225; x_wconf 71' lang='lat' dir='ltr'>lcognltio:</span> <span class='ocrx_word' id='word_1_26' title='bbox 376 1157 470 1222; x_wconf 87' lang='lat' dir='ltr'>quant</span> <span class='ocrx_word' id='word_1_27' title='bbox 490 1139 544 1208; x_wconf 82' lang='lat' dir='ltr'>vel</span> <span class='ocrx_word' id='word_1_28' title='bbox 562 1158 643 1224; x_wconf 89' lang='lat' dir='ltr'>puer</span> <span class='ocrx_word' id='word_1_29' title='bbox 660 1159 726 1207; x_wconf 93' lang='lat' dir='ltr'>non</span> <span class='ocrx_word' id='word_1_30' title='bbox 744 1142 824 1208; x_wconf 88' lang='lat' dir='ltr'>satis</span> <span class='ocrx_word' id='word_1_31' title='bbox 841 1161 1029 1230; x_wconf 75' lang='lat' dir='ltr'>perceperat,</span> 
     </span>
     <span class='ocr_line' id='line_1_6' title="bbox 113 1255 1029 1342; baseline -0.005 -16"><span class='ocrx_word' id='word_1_32' title='bbox 113 1255 167 1326; x_wconf 85' lang='lat' dir='ltr'>vel</span> <span class='ocrx_word' id='word_1_33' title='bbox 194 1255 287 1331; x_wconf 85' lang='lat' dir='ltr'>miles</span> <span class='ocrx_word' id='word_1_34' title='bbox 313 1257 513 1341; x_wconf 72' lang='lat' dir='ltr'>neglexerat:</span> <span class='ocrx_word' id='word_1_35' title='bbox 546 1270 625 1324; x_wconf 89' lang='lat' dir='ltr'>tunc</span> <span class='ocrx_word' id='word_1_36' title='bbox 655 1272 780 1342; x_wconf 74' lang='lat' dir='ltr'>annas,</span> <span class='ocrx_word' id='word_1_37' title='bbox 812 1261 901 1341; x_wconf 87' lang='lat' dir='ltr'>qaod</span> <span class='ocrx_word' id='word_1_38' title='bbox 923 1260 1029 1328; x_wconf 79' lang='lat' dir='ltr'>Plana</span> 
     </span>
     <span class='ocr_line' id='line_1_7' title="bbox 112 1367 1027 1456; baseline -0.003 -14"><span class='ocrx_word' id='word_1_39' title='bbox 112 1372 213 1442; x_wconf 86' lang='lat' dir='ltr'>chum</span> <span class='ocrx_word' id='word_1_40' title='bbox 229 1370 264 1438; x_wconf 89' lang='lat' dir='ltr'>in</span> <span class='ocrx_word' id='word_1_41' title='bbox 281 1367 400 1437; x_wconf 88' lang='lat' dir='ltr'>Latina</span> <span class='ocrx_word' id='word_1_42' title='bbox 417 1369 529 1454; x_wconf 81' lang='lat' dir='ltr'>lingua</span> <span class='ocrx_word' id='word_1_43' title='bbox 546 1369 711 1437; x_wconf 86' lang='lat' dir='ltr'>factitasse</span> <span class='ocrx_word' id='word_1_44' title='bbox 735 1372 895 1456; x_wconf 80' lang='lat' dir='ltr'>legimus,</span> <span class='ocrx_word' id='word_1_45' title='bbox 919 1376 966 1441; x_wconf 86' lang='lat' dir='ltr'>sic</span> <span class='ocrx_word' id='word_1_46' title='bbox 986 1392 1027 1440; x_wconf 92' lang='lat' dir='ltr'>ac·</span> 
     </span>
     <span class='ocr_line' id='line_1_8' title="bbox 115 1484 1029 1572; baseline 0.001 -18"><span class='ocrx_word' id='word_1_47' title='bbox 115 1486 245 1572; x_wconf 82' lang='lat' dir='ltr'>quircre</span> <span class='ocrx_word' id='word_1_48' title='bbox 260 1501 293 1553; x_wconf 90' lang='lat' dir='ltr'>ct</span> <span class='ocrx_word' id='word_1_49' title='bbox 320 1504 506 1571; x_wconf 88' lang='lat' dir='ltr'>recuperate</span> <span class='ocrx_word' id='word_1_50' title='bbox 522 1484 698 1568; x_wconf 72' lang='lat' dir='ltr'>studebat,</span> <span class='ocrx_word' id='word_1_51' title='bbox 721 1501 757 1553; x_wconf 93' lang='lat' dir='ltr'>ut</span> <span class='ocrx_word' id='word_1_52' title='bbox 781 1487 821 1553; x_wconf 91' lang='lat' dir='ltr'>ad</span> <span class='ocrx_word' id='word_1_53' title='bbox 841 1487 1029 1572; x_wconf 74' lang='lat' dir='ltr'>Scriptorum</span> 
     </span>
     <span class='ocr_line' id='line_1_9' title="bbox 113 1597 1030 1685; baseline -0.003 -15"><span class='ocrx_word' id='word_1_54' title='bbox 113 1601 314 1670; x_wconf 85' lang='lat' dir='ltr'>Graecorum</span> <span class='ocrx_word' id='word_1_55' title='bbox 342 1597 513 1667; x_wconf 85' lang='lat' dir='ltr'>lectionem</span> <span class='ocrx_word' id='word_1_56' title='bbox 541 1597 678 1664; x_wconf 73' lang='lat' dir='ltr'>adferret</span> <span class='ocrx_word' id='word_1_57' title='bbox 714 1598 863 1665; x_wconf 84' lang='lat' dir='ltr'>snatetiae</span> <span class='ocrx_word' id='word_1_58' title='bbox 885 1599 1030 1685; x_wconf 76' lang='lat' dir='ltr'>cognitio·</span> 
     </span>
     <span class='ocr_line' id='line_1_10' title="bbox 113 1714 1030 1800; baseline -0.012 -12"><span class='ocrx_word' id='word_1_59' title='bbox 113 1736 209 1800; x_wconf 68' lang='lat' dir='ltr'>nenia</span> <span class='ocrx_word' id='word_1_60' title='bbox 232 1717 343 1796; x_wconf 85' lang='lat' dir='ltr'>itaque</span> <span class='ocrx_word' id='word_1_61' title='bbox 364 1733 403 1782; x_wconf 82' lang='lat' dir='ltr'>ea</span> <span class='ocrx_word' id='word_1_62' title='bbox 430 1730 619 1798; x_wconf 81' lang='lat' dir='ltr'>argumento</span> <span class='ocrx_word' id='word_1_63' title='bbox 643 1729 675 1780; x_wconf 90' lang='lat' dir='ltr'>et</span> <span class='ocrx_word' id='word_1_64' title='bbox 694 1714 791 1783; x_wconf 89' lang='lat' dir='ltr'>rebus</span> <span class='ocrx_word' id='word_1_65' title='bbox 810 1716 906 1782; x_wconf 85' lang='lat' dir='ltr'>verba</span> <span class='ocrx_word' id='word_1_66' title='bbox 922 1732 954 1791; x_wconf 84' lang='lat' dir='ltr'>et</span> <span class='ocrx_word' id='word_1_67' title='bbox 970 1736 1030 1785; x_wconf 68' lang='lat' dir='ltr'>on.</span> 
     </span>
     <span class='ocr_line' id='line_1_11' title="bbox 113 1827 1029 1915; baseline -0.011 -14"><span class='ocrx_word' id='word_1_68' title='bbox 113 1831 236 1901; x_wconf 87' lang='lat' dir='ltr'>tionem</span> <span class='ocrx_word' id='word_1_69' title='bbox 261 1832 422 1910; x_wconf 88' lang='lat' dir='ltr'>disceret,</span> <span class='ocrx_word' id='word_1_70' title='bbox 450 1827 486 1896; x_wconf 93' lang='lat' dir='ltr'>ln</span> <span class='ocrx_word' id='word_1_71' title='bbox 512 1828 617 1911; x_wconf 84' lang='lat' dir='ltr'>iisque</span> <span class='ocrx_word' id='word_1_72' title='bbox 639 1829 679 1894; x_wconf 88' lang='lat' dir='ltr'>ad</span> <span class='ocrx_word' id='word_1_73' title='bbox 696 1847 768 1895; x_wconf 88' lang='lat' dir='ltr'>eurn</span> <span class='ocrx_word' id='word_1_74' title='bbox 789 1830 921 1912; x_wconf 77' lang='lat' dir='ltr'>gradun</span> <span class='ocrx_word' id='word_1_75' title='bbox 945 1829 1029 1915; x_wconf 75' lang='lat' dir='ltr'>prol·</span> 
     </span>
     <span class='ocr_line' id='line_1_12' title="bbox 113 1924 1029 2030; baseline -0.005 -16"><span class='ocrx_word' id='word_1_76' title='bbox 113 1962 222 2030; x_wconf 83' lang='lat' dir='ltr'>cerat,</span> <span class='ocrx_word' id='word_1_77' title='bbox 244 1946 303 2030; x_wconf 87' lang='lat' dir='ltr'>qui</span> <span class='ocrx_word' id='word_1_78' title='bbox 323 1924 436 2014; x_wconf 84' lang='lat' dir='ltr'>retunt·</span> <span class='ocrx_word' id='word_1_79' title='bbox 449 1945 635 2030; x_wconf 76' lang='lat' dir='ltr'>cognitioni</span> <span class='ocrx_word' id='word_1_80' title='bbox 660 1943 873 2016; x_wconf 69' lang='lat' dir='ltr'>satisfaceret.</span> <span class='ocrx_word' id='word_1_81' title='bbox 915 1948 951 2018; x_wconf 86' lang='lat' dir='ltr'>ln</span> <span class='ocrx_word' id='word_1_82' title='bbox 968 1946 1029 2012; x_wconf 81' lang='lat' dir='ltr'>Vlla</span> 
     </span>
     <span class='ocr_line' id='line_1_13' title="bbox 113 2060 1028 2149; baseline -0.011 -16"><span class='ocrx_word' id='word_1_83' title='bbox 113 2065 245 2134; x_wconf 88' lang='lat' dir='ltr'>lolsono</span> <span class='ocrx_word' id='word_1_84' title='bbox 267 2065 364 2149; x_wconf 76' lang='lat' dir='ltr'>alalos</span> <span class='ocrx_word' id='word_1_85' title='bbox 384 2076 451 2129; x_wconf 84' lang='lat' dir='ltr'>erat</span> <span class='ocrx_word' id='word_1_86' title='bbox 466 2060 632 2127; x_wconf 91' lang='lat' dir='ltr'>doctrinae</span> <span class='ocrx_word' id='word_1_87' title='bbox 647 2080 713 2128; x_wconf 92' lang='lat' dir='ltr'>non</span> <span class='ocrx_word' id='word_1_88' title='bbox 733 2062 863 2143; x_wconf 82' lang='lat' dir='ltr'>quiden</span> <span class='ocrx_word' id='word_1_89' title='bbox 881 2077 1028 2148; x_wconf 66' lang='lat' dir='ltr'>mutan«</span> 
     </span>
     <span class='ocr_line' id='line_1_14' title="bbox 111 2176 1024 2264; baseline -0.003 -14"><span class='ocrx_word' id='word_1_90' title='bbox 111 2181 181 2264; x_wconf 88' lang='lat' dir='ltr'>tia,</span> <span class='ocrx_word' id='word_1_91' title='bbox 212 2181 268 2250; x_wconf 83' lang='lat' dir='ltr'>sod</span> <span class='ocrx_word' id='word_1_92' title='bbox 298 2180 458 2248; x_wconf 80' lang='lat' dir='ltr'>varietass</span> <span class='ocrx_word' id='word_1_93' title='bbox 487 2176 657 2260; x_wconf 78' lang='lat' dir='ltr'>multiplex</span> <span class='ocrx_word' id='word_1_94' title='bbox 695 2195 797 2246; x_wconf 86' lang='lat' dir='ltr'>rerum</span> <span class='ocrx_word' id='word_1_95' title='bbox 833 2179 1024 2249; x_wconf 75' lang='lat' dir='ltr'>scientiaea</span> 
     </span>
     <span class='ocr_line' id='line_1_15' title="bbox 111 2295 1024 2385; baseline -0.004 -21"><span class='ocrx_word' id='word_1_96' title='bbox 111 2297 205 2364; x_wconf 86' lang='lat' dir='ltr'>omni</span> <span class='ocrx_word' id='word_1_97' title='bbox 231 2297 387 2370; x_wconf 82' lang='lat' dir='ltr'>libroruru</span> <span class='ocrx_word' id='word_1_98' title='bbox 415 2313 527 2385; x_wconf 73' lang='lat' dir='ltr'>genere</span> <span class='ocrx_word' id='word_1_99' title='bbox 549 2295 687 2363; x_wconf 80' lang='lat' dir='ltr'>hausta:</span> <span class='ocrx_word' id='word_1_100' title='bbox 717 2295 922 2377; x_wconf 83' lang='lat' dir='ltr'>grammatica</span> <span class='ocrx_word' id='word_1_101' title='bbox 943 2296 1024 2362; x_wconf 86' lang='lat' dir='ltr'>etiau</span> 
     </span>
     <span class='ocr_line' id='line_1_16' title="bbox 111 2409 1022 2501; baseline -0.004 -23"><span class='ocrx_word' id='word_1_102' title='bbox 111 2424 146 2478; x_wconf 90' lang='lat' dir='ltr'>et</span> <span class='ocrx_word' id='word_1_103' title='bbox 176 2409 286 2479; x_wconf 86' lang='lat' dir='ltr'>critica</span> <span class='ocrx_word' id='word_1_104' title='bbox 319 2410 502 2495; x_wconf 77' lang='lat' dir='ltr'>linguatum</span> <span class='ocrx_word' id='word_1_105' title='bbox 532 2409 680 2501; x_wconf 81' lang='lat' dir='ltr'>cognitio</span> <span class='ocrx_word' id='word_1_106' title='bbox 707 2409 867 2493; x_wconf 78' lang='lat' dir='ltr'>insignis3</span> <span class='ocrx_word' id='word_1_107' title='bbox 904 2412 978 2480; x_wconf 88' lang='lat' dir='ltr'>ordo</span> <span class='ocrx_word' id='word_1_108' title='bbox 997 2422 1022 2474; x_wconf 89' lang='lat' dir='ltr'>et</span> 
     </span>
     <span class='ocr_line' id='line_1_17' title="bbox 110 2522 1025 2606; baseline 0.001 -14"><span class='ocrx_word' id='word_1_109' title='bbox 110 2523 195 2592; x_wconf 84' lang='lat' dir='ltr'>tatio</span> <span class='ocrx_word' id='word_1_110' title='bbox 218 2523 253 2591; x_wconf 90' lang='lat' dir='ltr'>ln</span> <span class='ocrx_word' id='word_1_111' title='bbox 279 2523 465 2592; x_wconf 86' lang='lat' dir='ltr'>disserendo</span> <span class='ocrx_word' id='word_1_112' title='bbox 481 2535 512 2589; x_wconf 89' lang='lat' dir='ltr'>et</span> <span class='ocrx_word' id='word_1_113' title='bbox 534 2536 722 2605; x_wconf 83' lang='lat' dir='ltr'>argumento</span> <span class='ocrx_word' id='word_1_114' title='bbox 738 2522 950 2606; x_wconf 80' lang='lat' dir='ltr'>explicando,</span> <span class='ocrx_word' id='word_1_115' title='bbox 968 2537 1025 2593; x_wconf 82' lang='lat' dir='ltr'>nou</span> 
     </span>
     <span class='ocr_line' id='line_1_18' title="bbox 110 2633 1023 2721; baseline -0.001 -15"><span class='ocrx_word' id='word_1_116' title='bbox 110 2638 215 2706; x_wconf 79' lang='lat' dir='ltr'>iterna</span> <span class='ocrx_word' id='word_1_117' title='bbox 237 2649 274 2702; x_wconf 93' lang='lat' dir='ltr'>ut</span> <span class='ocrx_word' id='word_1_118' title='bbox 298 2634 464 2721; x_wconf 82' lang='lat' dir='ltr'>judicandi</span> <span class='ocrx_word' id='word_1_119' title='bbox 489 2633 626 2700; x_wconf 82' lang='lat' dir='ltr'>facultas</span> <span class='ocrx_word' id='word_1_120' title='bbox 654 2650 848 2715; x_wconf 83' lang='lat' dir='ltr'>quamquam</span> <span class='ocrx_word' id='word_1_121' title='bbox 866 2636 896 2702; x_wconf 87' lang='lat' dir='ltr'>ei</span> <span class='ocrx_word' id='word_1_122' title='bbox 912 2635 1023 2705; x_wconf 74' lang='lat' dir='ltr'>ninius</span> 
     </span>
     <span class='ocr_line' id='line_1_19' title="bbox 111 2748 1023 2835; baseline -0.004 -17"><span class='ocrx_word' id='word_1_123' title='bbox 111 2752 258 2832; x_wconf 75' lang='lat' dir='ltr'>deesset,</span> <span class='ocrx_word' id='word_1_124' title='bbox 281 2763 387 2818; x_wconf 89' lang='lat' dir='ltr'>tamen</span> <span class='ocrx_word' id='word_1_125' title='bbox 404 2748 542 2822; x_wconf 84' lang='lat' dir='ltr'>subinde</span> <span class='ocrx_word' id='word_1_126' title='bbox 559 2767 624 2815; x_wconf 92' lang='lat' dir='ltr'>non</span> <span class='ocrx_word' id='word_1_127' title='bbox 649 2767 834 2833; x_wconf 73' lang='lat' dir='ltr'>appareret:</span> <span class='ocrx_word' id='word_1_128' title='bbox 859 2749 1023 2835; x_wconf 79' lang='lat' dir='ltr'>exquisitas</span> 
     </span>
     <span class='ocr_line' id='line_1_20' title="bbox 110 2862 1023 2953; baseline 0 -22"><span class='ocrx_word' id='word_1_129' title='bbox 110 2864 276 2932; x_wconf 88' lang='lat' dir='ltr'>doctrinae</span> <span class='ocrx_word' id='word_1_130' title='bbox 296 2864 410 2950; x_wconf 81' lang='lat' dir='ltr'>copiae</span> <span class='ocrx_word' id='word_1_131' title='bbox 426 2862 494 2930; x_wconf 80' lang='lat' dir='ltr'>sete</span> <span class='ocrx_word' id='word_1_132' title='bbox 510 2863 682 2932; x_wconf 86' lang='lat' dir='ltr'>confertim</span> <span class='ocrx_word' id='word_1_133' title='bbox 713 2864 905 2951; x_wconf 82' lang='lat' dir='ltr'>ellltndens,</span> <span class='ocrx_word' id='word_1_134' title='bbox 927 2866 965 2953; x_wconf 81' lang='lat' dir='ltr'>ad</span> <span class='ocrx_word' id='word_1_135' title='bbox 980 2879 1023 2931; x_wconf 85' lang='lat' dir='ltr'>saa</span> 
     </span>
     <span class='ocr_line' id='line_1_21' title="bbox 113 2977 1023 3076; baseline -0.003 -26"><span class='ocrx_word' id='word_1_136' title='bbox 113 2978 338 3069; x_wconf 74' lang='lat' dir='ltr'>intelligendas</span> <span class='ocrx_word' id='word_1_137' title='bbox 357 2980 499 3063; x_wconf 80' lang='lat' dir='ltr'>legentes</span> <span class='ocrx_word' id='word_1_138' title='bbox 524 2979 616 3061; x_wconf 87' lang='lat' dir='ltr'>ipsos</span> <span class='ocrx_word' id='word_1_139' title='bbox 629 2977 789 3076; x_wconf 66' lang='lat' dir='ltr'>judicium</span> <span class='ocrx_word' id='word_1_140' title='bbox 805 2997 903 3046; x_wconf 84' lang='lat' dir='ltr'>suum</span> <span class='ocrx_word' id='word_1_141' title='bbox 918 2977 1023 3047; x_wconf 81' lang='lat' dir='ltr'>adfeuc</span> 
     </span>
     <span class='ocr_line' id='line_1_22' title="bbox 113 3094 1024 3180; baseline -0.005 -15"><span class='ocrx_word' id='word_1_142' title='bbox 113 3095 264 3165; x_wconf 79' lang='lat' dir='ltr'>uolebatt</span> <span class='ocrx_word' id='word_1_143' title='bbox 296 3110 506 3163; x_wconf 82' lang='lat' dir='ltr'>contemnens</span> <span class='ocrx_word' id='word_1_144' title='bbox 531 3095 646 3161; x_wconf 88' lang='lat' dir='ltr'>merito</span> <span class='ocrx_word' id='word_1_145' title='bbox 672 3095 852 3180; x_wconf 84' lang='lat' dir='ltr'>scriptores</span> <span class='ocrx_word' id='word_1_146' title='bbox 875 3094 1024 3164; x_wconf 78' lang='lat' dir='ltr'>docrnne</span> 
     </span>
     <span class='ocr_line' id='line_1_23' title="bbox 116 3206 1024 3303; baseline -0.008 -23"><span class='ocrx_word' id='word_1_147' title='bbox 116 3212 260 3298; x_wconf 78' lang='lat' dir='ltr'>ltlopiatn</span> <span class='ocrx_word' id='word_1_148' title='bbox 275 3213 450 3303; x_wconf 83' lang='lat' dir='ltr'>judicando</span> <span class='ocrx_word' id='word_1_149' title='bbox 464 3229 671 3298; x_wconf 86' lang='lat' dir='ltr'>compensare</span> <span class='ocrx_word' id='word_1_150' title='bbox 686 3230 724 3278; x_wconf 93' lang='lat' dir='ltr'>ac</span> <span class='ocrx_word' id='word_1_151' title='bbox 741 3210 945 3279; x_wconf 84' lang='lat' dir='ltr'>dissimulare</span> <span class='ocrx_word' id='word_1_152' title='bbox 956 3206 1024 3276; x_wconf 70' lang='lat' dir='ltr'>solia</span> 
     </span>
     <span class='ocr_line' id='line_1_24' title="bbox 113 3321 1027 3416; baseline -0.011 -18"><span class='ocrx_word' id='word_1_153' title='bbox 113 3343 190 3416; x_wconf 88' lang='lat' dir='ltr'>tos,</span> <span class='ocrx_word' id='word_1_154' title='bbox 211 3341 244 3397; x_wconf 88' lang='lat' dir='ltr'>et</span> <span class='ocrx_word' id='word_1_155' title='bbox 266 3348 455 3415; x_wconf 86' lang='lat' dir='ltr'>comparans</span> <span class='ocrx_word' id='word_1_156' title='bbox 481 3328 582 3396; x_wconf 79' lang='lat' dir='ltr'>fabris</span> <span class='ocrx_word' id='word_1_157' title='bbox 605 3329 674 3397; x_wconf 89' lang='lat' dir='ltr'>sine</span> <span class='ocrx_word' id='word_1_158' title='bbox 689 3330 818 3394; x_wconf 85' lang='lat' dir='ltr'>materia</span> <span class='ocrx_word' id='word_1_159' title='bbox 832 3346 921 3411; x_wconf 90' lang='lat' dir='ltr'>opua</span> <span class='ocrx_word' id='word_1_160' title='bbox 936 3321 1027 3395; x_wconf 83' lang='lat' dir='ltr'>areli·</span> 
     </span>
     <span class='ocr_line' id='line_1_25' title="bbox 109 3440 1028 3536; baseline -0.009 -20"><span class='ocrx_word' id='word_1_161' title='bbox 109 3450 222 3516; x_wconf 80' lang='lat' dir='ltr'>sectati</span> <span class='ocrx_word' id='word_1_162' title='bbox 250 3448 525 3536; x_wconf 81' lang='lat' dir='ltr'>ingredientibus3</span> <span class='ocrx_word' id='word_1_163' title='bbox 559 3446 630 3529; x_wconf 85' lang='lat' dir='ltr'>ipse</span> <span class='ocrx_word' id='word_1_164' title='bbox 653 3443 752 3512; x_wconf 74' lang='lat' dir='ltr'>manis</span> <span class='ocrx_word' id='word_1_165' title='bbox 782 3443 817 3510; x_wconf 91' lang='lat' dir='ltr'>iu</span> <span class='ocrx_word' id='word_1_166' title='bbox 838 3440 1028 3511; x_wconf 78' lang='lat' dir='ltr'>contrarius</span> 
     </span>
     <span class='ocr_line' id='line_1_26' title="bbox 110 3561 1025 3645; baseline 0 -13"><span class='ocrx_word' id='word_1_167' title='bbox 110 3566 299 3636; x_wconf 85' lang='lat' dir='ltr'>inclinabat.</span> <span class='ocrx_word' id='word_1_168' title='bbox 342 3567 396 3633; x_wconf 82' lang='lat' dir='ltr'>Ad</span> <span class='ocrx_word' id='word_1_169' title='bbox 421 3564 624 3633; x_wconf 87' lang='lat' dir='ltr'>scribendum</span> <span class='ocrx_word' id='word_1_170' title='bbox 643 3561 789 3630; x_wconf 85' lang='lat' dir='ltr'>nonnisi</span> <span class='ocrx_word' id='word_1_171' title='bbox 805 3561 948 3645; x_wconf 82' lang='lat' dir='ltr'>parsitant</span> <span class='ocrx_word' id='word_1_172' title='bbox 963 3572 1025 3631; x_wconf 73' lang='lat' dir='ltr'>ael·</span> 
     </span>
    </p>
   </div>
   <div class='ocr_carea' id='block_1_3' title="bbox 101 3673 1030 4335">
    <p class='ocr_par' dir='ltr' id='par_1_3' title="bbox 101 3673 1030 4234">
     <span class='ocr_line' id='line_1_27' title="bbox 112 3673 1030 3765; baseline -0.007 -17"><span class='ocrx_word' id='word_1_173' title='bbox 112 3697 241 3748; x_wconf 70' lang='lat' dir='ltr'>morum</span> <span class='ocrx_word' id='word_1_174' title='bbox 264 3683 441 3765; x_wconf 85' lang='lat' dir='ltr'>usurpabat</span> <span class='ocrx_word' id='word_1_175' title='bbox 469 3678 739 3758; x_wconf 87' lang='lat' dir='ltr'>Sanctocruciua,</span> <span class='ocrx_word' id='word_1_176' title='bbox 762 3695 837 3745; x_wconf 85' lang='lat' dir='ltr'>cum</span> <span class='ocrx_word' id='word_1_177' title='bbox 856 3673 1030 3761; x_wconf 75' lang='lat' dir='ltr'>elegantia„</span> 
     </span>
     <span class='ocr_line' id='line_1_28' title="bbox 112 3792 1030 3881; baseline -0.004 -16"><span class='ocrx_word' id='word_1_178' title='bbox 112 3799 246 3881; x_wconf 88' lang='lat' dir='ltr'>decore,</span> <span class='ocrx_word' id='word_1_179' title='bbox 264 3797 707 3881; x_wconf 85' lang='lat' dir='ltr'>eteloquentiaeluminlbus:</span> <span class='ocrx_word' id='word_1_180' title='bbox 719 3794 930 3866; x_wconf 82' lang='lat' dir='ltr'>Villoisonus</span> <span class='ocrx_word' id='word_1_181' title='bbox 942 3792 1030 3863; x_wconf 60' lang='lat' dir='ltr'>&amp;aaa</span> 
     </span>
     <span class='ocr_line' id='line_1_29' title="bbox 112 3914 1030 4000; baseline -0.004 -15"><span class='ocrx_word' id='word_1_182' title='bbox 112 3914 294 3999; x_wconf 80' lang='lat' dir='ltr'>Latinum,</span> <span class='ocrx_word' id='word_1_183' title='bbox 315 3930 511 3999; x_wconf 83' lang='lat' dir='ltr'>utrumque,</span> <span class='ocrx_word' id='word_1_184' title='bbox 540 3932 578 3984; x_wconf 91' lang='lat' dir='ltr'>ut</span> <span class='ocrx_word' id='word_1_185' title='bbox 600 3914 832 4000; x_wconf 87' lang='lat' dir='ltr'>perspicuitate</span> <span class='ocrx_word' id='word_1_186' title='bbox 847 3923 1030 3982; x_wconf 79' lang='lat' dir='ltr'>contentus</span> 
     </span>
     <span class='ocr_line' id='line_1_30' title="bbox 106 4027 1030 4115; baseline -0.001 -16"><span class='ocrx_word' id='word_1_187' title='bbox 106 4046 205 4102; x_wconf 82' lang='lat' dir='ltr'>esset.</span> <span class='ocrx_word' id='word_1_188' title='bbox 248 4034 300 4101; x_wconf 92' lang='lat' dir='ltr'>De</span> <span class='ocrx_word' id='word_1_189' title='bbox 328 4032 425 4115; x_wconf 82' lang='lat' dir='ltr'>hujus</span> <span class='ocrx_word' id='word_1_190' title='bbox 442 4032 588 4098; x_wconf 86' lang='lat' dir='ltr'>moribus</span> <span class='ocrx_word' id='word_1_191' title='bbox 613 4049 676 4097; x_wconf 87' lang='lat' dir='ltr'>suo</span> <span class='ocrx_word' id='word_1_192' title='bbox 691 4031 765 4095; x_wconf 91' lang='lat' dir='ltr'>loco</span> <span class='ocrx_word' id='word_1_193' title='bbox 782 4028 940 4098; x_wconf 83' lang='lat' dir='ltr'>diximus.</span> <span class='ocrx_word' id='word_1_194' title='bbox 986 4027 1030 4098; x_wconf 74' lang='lat' dir='ltr'>el«</span> 
     </span>
     <span class='ocr_line' id='line_1_31' title="bbox 101 4144 1030 4234; baseline -0.004 -15"><span class='ocrx_word' id='word_1_195' title='bbox 101 4144 191 4219; x_wconf 81' lang='lat' dir='ltr'>uilia</span> <span class='ocrx_word' id='word_1_196' title='bbox 220 4148 250 4215; x_wconf 89' lang='lat' dir='ltr'>ci</span> <span class='ocrx_word' id='word_1_197' title='bbox 274 4163 340 4218; x_wconf 90' lang='lat' dir='ltr'>erat</span> <span class='ocrx_word' id='word_1_198' title='bbox 364 4146 617 4221; x_wconf 81' lang='lat' dir='ltr'>Sanctocrucius</span> <span class='ocrx_word' id='word_1_199' title='bbox 634 4145 697 4216; x_wconf 88' lang='lat' dir='ltr'>lide</span> <span class='ocrx_word' id='word_1_200' title='bbox 715 4164 788 4234; x_wconf 79' lang='lat' dir='ltr'>erga</span> <span class='ocrx_word' id='word_1_201' title='bbox 806 4146 958 4232; x_wconf 65' lang='lat' dir='ltr'>anuos,</span> <span class='ocrx_word' id='word_1_202' title='bbox 981 4145 1030 4215; x_wconf 81' lang='lat' dir='ltr'>bo·</span> 
     </span>
    </p>

    <p class='ocr_par' dir='ltr' id='par_1_4' title="bbox 978 4280 1030 4335">
     <span class='ocr_line' id='line_1_32' title="bbox 978 4280 1030 4335; baseline -0.077 0"><span class='ocrx_word' id='word_1_203' title='bbox 978 4280 1030 4335; x_wconf 78' lang='lat' dir='ltr'>alc·</span> 
     </span>
    </p>
   </div>
   <div class='ocr_carea' id='block_1_4' title="bbox 0 0 1186 4936">
    <p class='ocr_par' dir='ltr' id='par_1_5' title="bbox 0 0 1186 4936">
     <span class='ocr_line' id='line_1_33' title="bbox 0 0 1186 4936; baseline 0 0"><span class='ocrx_word' id='word_1_204' title='bbox 0 0 1186 4936; x_wconf 95' lang='lat' dir='ltr'> </span> 
     </span>
    </p>
   </div>
  </div>
 </body>
</html>
