2362 4936
118 593 181 658 ιι,
240 558 590 640 rtotrootrrun
618 535 914 633 ex‘rorrroutt

109 758 227 839 tuique
241 745 424 840 permanet,
444 765 559 820 custos
577 762 611 816 et
623 748 755 814 effector
771 767 877 814 earum
903 764 998 812 rerum
1030 791 1051 825 ,

109 892 193 956 quae
210 873 243 938 iu
260 872 345 937 novt
360 867 427 933 vna
444 867 621 933 constitura
640 863 754 931 sunt.''

109 1040 113 1049 .
149 987 205 1053 Ex
217 985 378 1052 Phaedro:
420 1026 441 1060 „
464 977 584 1046 Anima
609 981 726 1048 similia
741 992 790 1044 cst
822 992 952 1044 naturae
967 980 1051 1043 ain

115 1115 187 1184 tae,
210 1117 291 1182 quae
308 1109 436 1163 constat
451 1096 561 1180 auriga
575 1109 606 1160 et
625 1095 753 1162 duobus
770 1094 885 1176 equis,
907 1095 1051 1159 meliot-

114 1236 151 1284 ac
173 1189 291 1299 peiore.
335 1210 404 1277 Hae
429 1225 506 1276 sunt
529 1227 594 1276 tres
610 1211 680 1295 ejus
698 1224 823 1293 partes:
849 1208 977 1291 auriga,
997 1233 1051 1276 r·

108 1333 253 1415 mazio,
269 1343 353 1416 pars
369 1312 565 1394 rationalis:
587 1324 683 1406 equi,
697 1340 778 1412 pars
800 1322 1024 1391 irrationalis

109 1450 146 1519 ri
164 1448 288 1527 arnae
312 1444 446 1522 melior,
472 1442 575 1523 iupdc·
600 1441 710 1526 pej0r,
734 1443 887 1521 ἐπιθυμία.
932 1445 1051 1529 Quae

107 1560 190 1627 libet
212 1559 326 1625 Anima
345 1557 485 1640 pertinet
502 1557 540 1620 ad
559 1556 692 1620 chorum
717 1572 754 1619 ac
782 1557 914 1621 tutelam
941 1557 1051 1623 unit-

107 1693 149 1742 ex
174 1675 319 1741 undecim
347 1671 444 1753 Diis,
467 1673 524 1754 qui
556 1675 588 1735 in
606 1670 709 1737 Coelo
727 1687 907 1737 versantur.
952 1671 1051 1737 Nat?

102 1789 211 1856 Vesta
236 1789 323 1854 domi
349 1801 465 1853 manet.
519 1785 679 1866 Animae,
712 1786 848 1866 quaein
877 1789 1051 1873 cujusqtn

108 1903 170 1975 Dei
187 1905 295 2000 choro
316 1918 416 1983 suut,
438 1918 504 1970 nou
521 1914 662 1983 possunt
688 1919 798 1965 omnes
819 1902 920 1967 Deum
939 1917 1051 1968 suur‘:

105 2017 239 2101 ,aequali
264 2017 362 2083 ntodo
390 2016 516 2099 sequi.¹
541 2016 632 2100 Quae
650 2016 776 2097 quidem
797 2017 889 2098 sequi
906 2033 1011 2099 potest

111 2133 230 2203 extulit
249 2145 347 2215 caput
361 2151 457 2214 supra
475 2130 558 2195 coeli
578 2131 724 2196 verticem
737 2176 749 2210 ,
761 2147 791 2196 et
808 2133 976 2214 conspexit
991 2136 1051 2198 ii*

111 2247 268 2316 sinceram
289 2262 512 2327 aeternamque
530 2245 715 2326 veritatem,
746 2259 843 2327 atque
863 2246 1031 2314 incolumi

111 2375 217 2430 manet
235 2379 340 2443 usque
364 2360 405 2427 ad
428 2360 601 2426 secundum
623 2359 763 2424 Deorum
789 2359 981 2428 circuitum:
1004 2360 1051 2426 i.·

112 2495 203 2560 quo,
224 2478 253 2544 ai
270 2477 385 2543 iterum
407 2475 486 2541 bene
503 2474 605 2540 Deum
623 2493 718 2540 suum
734 2475 978 2557 securamen,
1001 2497 1016 2542 e
1040 2490 1051 2529 ³

116 2595 146 2660 si
159 2594 240 2660 idem
252 2590 462 2673 sequentibus
476 2588 668 2675 circuitibus
680 2607 802 2672 semper
813 2587 941 2672 fecerit,
956 2607 1017 2657 scm
1036 2618 1051 2632 -

112 2727 172 2793 per
189 2706 361 2772 incolumis
380 2720 496 2770 manet.
529 2701 613 2768 Nam
625 2703 657 2771 iu
675 2705 841 2771 domicilio
859 2705 919 2773 illo
936 2707 1051 2774 since

102 2839 165 2904 ,rae
177 2833 383 2902 aeternaeque
399 2818 543 2887 veritatis
559 2821 823 2887 nutriunturulae
838 2837 869 2886 et
883 2826 1051 2895 corrobo·

111 2952 234 3005 rantur.
278 2933 339 2999 Sed
355 2934 512 3015 Animae,
536 2952 667 3014 quarum
686 2937 761 3016 equi
776 2938 916 3020 aurigam
932 2941 1051 3007 turba⁴

101 3066 214 3133 ¹runt,
236 3049 269 3116 in
297 3064 409 3115 terram
429 3050 641 3133 delabuntur,
665 3053 839 3120 fluentibus
859 3054 1051 3140 fractisque

103 3166 247 3246 ¹alis,.et
262 3166 295 3232 in
310 3165 462 3248 Corpora
478 3165 722 3248 ingrediuntur,
737 3187 803 3233 non
819 3170 945 3250 quidem
963 3171 1051 3237 bru·

115 3297 221 3347 torum
239 3281 369 3365 primo,
392 3283 449 3348 sed
468 3283 654 3365 hominum3
669 3300 824 3351 caeterum
844 3286 876 3352 in
892 3289 977 3354 varia
994 3288 1049 3355 iu·

103 3401 303 3482 .grediuntur
321 3400 488 3481 Corpora,
514 3417 574 3480 pro
592 3402 678 3465 vario
695 3403 791 3483 gradu
811 3405 974 3486 modoque
990 3422 1044 3469 sa·

114 3515 275 3598 pientiae,
299 3519 361 3597 qua
378 3515 536 3598 praeditae
556 3531 645 3583 sunt.
682 3517 812 3599 Optima
825 3532 857 3582 et
875 3539 956 3600 quae
970 3523 1041 3605 piu·

115 3631 234 3698 nimum
252 3633 368 3698 viderit
387 3632 419 3697 in
443 3631 581 3699 sincerae
597 3648 802 3714 aeternaeque
826 3636 968 3700 veritatis
985 3638 1039 3703 du·

93 3746 261 3828 -miciiio,
286 3749 372 3813 venit
398 3731 436 3813 in*
455 3748 586 3828 Corpus
604 3749 810 3831 Philisophi:
836 3769 917 3830 quae
936 3753 1037 3817 miuus

118 3863 223 3945 vidit,
249 3862 284 3927 in
301 3862 433 3946 Corpus
451 3863 609 3930 inferioris
627 3866 749 3948 generis
768 3867 867 3934 venit.
901 3872 939 3939 lu
954 3885 1037 3933 eum·

123 3982 193 4048 dem
222 3993 363 4060 statum,
395 3981 427 4044 in
449 3999 515 4061 quo
533 3981 636 4063 primo
654 3980 806 4063 fuerunt,
829 4001 894 4049 non
912 3986 1036 4049 redeunt

126 4110 200 4172 aute
215 4095 374 4181 expletum
395 4096 502 4164 decem
522 4096 611 4168 tuille
625 4115 780 4167 anoorum
798 4113 947 4184 tempus3
971 4109 1036 4164 nan

417 4234 426 4245 “
976 4219 1034 4284 hoe
