2362 4936
98 572 169 655 δία
337 565 836 643 ΒΙὸΡΰΤΑΤῙΟ

101 775 135 829 et
162 756 339 827 Platonicis
369 756 537 839 placebat,
560 755 616 820 vel
638 751 710 820 diu
741 773 867 823 manete
884 757 1006 826 obilu

102 878 141 947 itt
155 875 296 951 divium
314 887 457 939 naturam
477 884 635 952 tanquam
660 889 775 938 auum
789 875 953 939 elementum
962 875 1006 939 his·

103 993 218 1073 aolvi,
254 990 342 1074 quod
373 989 495 1057 Stoicis
532 985 740 1055 videbatur.
798 991 931 1059 Aninun
957 1008 1006 1057 roo

105 1108 255 1192 Corpore
284 1109 431 1174 solutum
457 1105 562 1173 adhuc
588 1123 694 1173 certo
722 1108 810 1174 loeo
840 1123 866 1173 et
885 1106 1008 1174 donieiio

105 1225 155 1295 uti
173 1236 203 1288 et
221 1240 271 1287 rea
290 1233 442 1288 externas
471 1221 665 1304 percipere,
695 1223 884 1290 statuebant
897 1224 1008 1304 quiden,

105 1341 163 1415 aed
183 1337 286 1408 nullia
310 1336 408 1407 certis
431 1336 609 1406 utebantur
637 1341 879 1422 argumentis,
895 1338 1007 1421 etpotita

105 1457 159 1527 tel
174 1444 365 1539 vulgairibua
382 1452 596 1536 opinionibus
617 1456 678 1531 vel
697 1454 932 1543 imaginationis
946 1454 1010 1517 luxu·

101 1572 162 1652 piet
175 1572 450 1654 obsequebantur.

150 1688 188 1755 ln
206 1689 279 1770 ipsa
294 1684 513 1767 disputatione
527 1704 665 1769 operam
688 1691 799 1777 dedi,
823 1706 860 1757 ut
881 1700 1009 1754 norton·

107 1802 249 1901 jacturae
270 1802 450 1910 temeritate
466 1800 696 1887 abstinerem,
723 1825 841 1888 neque
861 1798 1009 1881 Philosophi

109 1918 264 2001 cuiquam
279 1916 437 1999 placitum
452 1916 649 1998 tribuerem,
677 1923 782 2004 quod
809 1940 874 1988 non
894 1904 1008 1984 reruni

105 2048 226 2103 teretur
242 2034 434 2102 auctoritate
450 2033 629 2118 Veterum3
659 2055 816 2119 quorum
837 2040 917 2102 lotos
938 2030 1007 2095 distr·

105 2163 139 2233 te
154 2151 206 2217 vel
224 2151 335 2217 notavi
354 2154 407 2216 uel
428 2153 538 2218 retuli.
591 2150 675 2218 Dixi
695 2167 830 2219 tanturn
853 2155 888 2217 de
900 2145 1007 2221 Garris,

106 2286 161 2350 tt,
194 2268 250 2351 qui
284 2267 325 2334 ab
358 2267 402 2347 iia
434 2268 572 2352 proiecti
610 2287 722 2351 eunt,
761 2269 904 2347 Larinir3
939 2278 1005 2336 tulli

108 2387 199 2468 quod
224 2385 357 2450 aliarum
384 2385 576 2464 nationum,
599 2385 640 2450 de
672 2387 807 2469 quibus
839 2396 949 2451 constat
969 2390 1005 2438 aar

106 2499 300 2579 Animorum
335 2488 609 2572 Immortalitatem
644 2502 829 2580 tenuisse,
858 2493 943 2562 veluti
961 2491 1003 2552 he

109 2619 324 2706 gyptiorum,
359 2614 541 2696 Getarum,
580 2613 824 2696 Thuscorum,
854 2611 1001 2678 Celtarum,

108 2731 338 2815 philosophica
362 2747 571 2797 monumenta
597 2729 693 2794 nulla
725 2732 769 2795 ad
797 2741 914 2795 nostran
938 2732 1004 2780 aeta·

108 2860 172 2923 tam
205 2859 381 2911 venerumt
406 2859 497 2925 tum,
523 2844 612 2926 quod
640 2842 741 2925 Vos,
775 2835 935 2913 Dotrissini
953 2827 1001 2891 Vi·

107 2962 158 3042 ti,
182 2961 263 3025 hanc
278 2971 400 3049 partem
417 2958 457 3035 ab
476 2957 575 3045 hujua
592 2956 834 3046 disputationis
858 2950 947 3036 spatio
961 2962 998 3010 u·

102 3071 265 3156 plantatis.

149 3190 217 3272 Et,
241 3206 435 3272 quamquam
462 3187 539 3258 haee
565 3188 717 3271 quaestio
746 3207 815 3257 non
843 3171 997 3270 partirtttd

109 3323 261 3391 nostrum
290 3304 526 3390 propositum,
550 3317 656 3369 tamen
679 3323 720 3371 ex
747 3305 814 3385 iis,
838 3319 909 3385 quae
930 3306 998 3374 expo*

108 3427 171 3497 nita
188 3438 292 3504 aunt,
315 3432 422 3503 patet,
444 3420 477 3491 in
503 3421 577 3503 ipso
597 3418 721 3490 Senecai
746 3421 832 3487 nihil
848 3401 998 3492 esae‚qt⁰l

104 3559 173 3609 non
201 3558 240 3606 ex
266 3535 429 3621 prioribus
454 3533 665 3615 Philosophia
695 3533 772 3599 duci
801 3530 940 3616 potuerit.
971 3519 997 3585 lt

105 3656 240 3723 omnino
265 3651 452 3720 Christiana
485 3649 629 3723 doctrina
664 3667 741 3715 sero
768 3652 892 3714 demunt
917 3657 941 3709 et
963 3636 997 3702 ht

105 3771 276 3857 posthaec
301 3783 443 3849 tempora
463 3766 600 3847 aliquam
620 3763 686 3827 vim
710 3763 745 3829 in
763 3759 998 3843 Philosophorum

104 3882 289 3966 disciplipib
321 3899 413 3953 tracta
442 3898 502 3953 est,
549 3880 726 3959 Ceterum,
760 3898 833 3961 quo
857 3874 998 3957 magistgo

104 4015 232 4080 temper
256 3998 434 4064 delectatus
453 4014 523 4075 sum
550 3993 608 4058 hac
629 3991 872 4077 philosophica
895 3977 998 4054 Historil

105 4112 299 4231 opinionon
323 4116 363 4193 tlt
386 4128 475 4193 aratu
503 4122 579 4209 post
604 4105 688 4184 hanc
718 4108 851 4201 vitam,
870 4127 905 4177 eo
921 4099 999 4195 napo

962 4224 1000 4279 tt·
