2362 4936
104 608 169 666 aaa
254 574 608 659 euoenoohmtth
628 598 675 656 nx
696 572 923 652 EDITIONE

105 780 162 833 tur
178 760 291 830 multis
304 757 489 826 doloribus.
519 753 717 824 Insanabiles
734 757 917 839 puniuntur
933 759 965 827 in
979 777 1027 827 ae⁴

105 896 235 950 ternum
253 867 545 944 vehementissimis
563 873 786 953 cruciatibus,
804 875 925 956 quibus
944 876 1031 958 ipsae

103 1000 226 1076 nullam
243 995 413 1066 utilitatem
426 992 632 1081 percipiunt,
649 993 706 1060 sed
718 992 789 1060 aliis
802 998 837 1061 ln
850 997 1032 1080 exemplum

102 1109 397 1206 proponuntur!
517 1106 526 1117 ’
803 1084 813 1132 ⁸

146 1233 200 1302 Ex
217 1231 405 1328 llhaedou'ea
441 1273 463 1312 „
484 1227 705 1312 Unaquaeque
730 1226 849 1298 Anima
866 1250 963 1300 suurn
979 1229 1034 1301 ha·

107 1348 165 1420 bet
186 1341 531 1414 ductorem'Geniuma
555 1342 608 1409 hie
625 1360 692 1409 eam
710 1360 748 1409 ex
767 1343 916 1426 Corpore
931 1347 1042 1413 disce*

105 1460 338 1543 deutemdueit
353 1459 394 1526 ad
405 1452 553 1540 inferos3'
571 1458 758 1541 prudentem
774 1461 903 1542 quidem
919 1463 1042 1529 volun·

109 1579 244 1661 ruriam,
264 1577 398 1646 stultam
419 1589 450 1642 et
469 1574 613 1658 Corpori
635 1575 770 1641 deditam
787 1594 863 1642 vero
887 1575 1042 1653 invitam.

105 1696 140 1771 A
157 1694 274 1763 Geniis
291 1694 324 1762 in
339 1706 461 1761 certum
482 1692 590 1758 locum
607 1693 805 1776 conductae,
829 1693 874 1760 ibi
888 1695 1042 1779 judicas·

108 1827 178 1883 tur.
203 1809 271 1898 Qui
289 1806 489 1879 mediocriter
505 1804 587 1874 sein
604 1805 672 1871 viti
686 1823 874 1891 gesseruut,
892 1814 972 1879 maie
988 1809 1042 1878 fa.

106 1938 236 1992 erorum
254 1938 374 2006 poenas
393 1919 439 1988 ita
459 1919 558 2001 dant,
575 1932 614 1987 ut
630 1920 727 1985 simul
744 1937 921 2004 purgentur
936 1944 972 1993 ac
988 1947 1042 1995 sa·

107 2038 206 2108 nitati
229 2034 460 2115 restituantur,
489 2034 570 2112 berre
592 2035 749 2102 factorum
776 2053 880 2105 antem
899 2046 1042 2132 praemia

83 2186 86 2191 ·
107 2153 286 2239 accipiunt,
332 2150 400 2237 Qui
418 2153 537 2236 majora
554 2152 610 2217 sed
631 2152 784 2221 sanabilia
800 2171 906 2224 tamen
925 2179 1042 2243 peeca-

108 2287 142 2337 ta
161 2265 408 2348 rommiaerint,
422 2269 523 2333 veluti
539 2265 715 2335 homicidae
731 2282 761 2334 et
780 2286 946 2352 parentum
967 2275 1032 2340 vio·

109 2373 253 2467 latores,
270 2356 472 2469 gravioribus
491 2381 666 2467 suppliciis
682 2399 854 2453 vexantur:
877 2405 895 2452 a
914 2388 1016 2470 quibu

109 2522 179 2575 non
198 2517 289 2581 antea
304 2501 503 2582 liberantur,
528 2518 622 2583 quam
639 2500 703 2583 iis,
727 2519 813 2582 quos
829 2501 943 2586 iniuria
960 2503 1042 2569 alfe

111 2622 237 2703 aerim,
252 2617 467 2685 satisfecerint
484 2636 521 2682 ar
537 2615 764 2699 persuaserint.
810 2617 875 2704 Qui
893 2637 968 2687 vero
984 2623 1042 2688 ir·

113 2732 268 2803 sanabilia
285 2730 511 2814 peccaverint,
533 2730 670 2811 multis,
692 2746 722 2797 et
739 2709 871 2818 injustis
884 2735 1042 2804 cardibi-

110 2849 301 2938 patrandis,
325 2845 358 2911 hi
384 2845 418 2913 itt
438 2847 608 2914 Tartarum
631 2849 871 2936 conjiciuntur,
901 2873 940 2921 ex
967 2876 1035 2938 qr:

111 2960 292 3048 numquani
305 2958 494 3030 liberantur.
524 2961 673 3044 Denique
688 2963 736 3047 ii,
755 2967 810 3046 qui
826 2968 936 3036 sancte
950 2972 1042 3039 viae

111 3095 210 3162 runt,
226 3076 360 3144 veniunt
376 3078 409 3143 in
429 3079 598 3144 coelestem
618 3078 802 3164 regionem:
826 3099 858 3148 er
875 3083 1042 3168 inprimi

111 3191 159 3274 ii,
183 3190 240 3276 qui
268 3209 342 3259 vere
365 3191 588 3276 philosophati
617 3211 717 3277 sunt,
741 3214 865 3281 semper
880 3199 926 3266 ibi
948 3199 1042 3270 habi

112 3325 207 3392 tant,
223 3326 280 3376 nec
298 3328 449 3392 umquam
468 3309 500 3375 itt
517 3308 664 3393 Corpora
678 3313 822 3383 redeunt.
869 3316 1042 3383 Caeterut

115 3426 193 3492 haec
211 3425 374 3490 beatorum
391 3423 547 3494 habitatio
562 3439 609 3491 est
626 3427 752 3507 quidem
771 3425 805 3493 in
819 3429 894 3512 ipsd
910 3430 1042 3497 harre!

115 3547 176 3622 ri,
199 3543 255 3608 sed
278 3543 312 3607 in
339 3539 472 3607 sublimi
496 3560 533 3606 ac
557 3544 690 3609 coelesti
712 3543 800 3612 loco.
846 3546 929 3614 Nam
950 3561 1042 3632 quot

108 3657 212 3731 ‘nobis
229 3674 312 3739 aqua
338 3671 414 3736 est,
436 3656 499 3722 hoc
522 3654 604 3739 ipsis
620 3671 669 3722 est
688 3657 759 3724 air:
782 3660 871 3739 quod
888 3679 963 3727 vero
977 3673 1042 3728 no

118 3770 173 3842 bis
193 3773 245 3837 aer
269 3784 341 3850 est,
363 3770 426 3837 hoc
453 3770 536 3852 ipsis
555 3786 605 3835 est
620 3771 745 3837 aethera
771 3770 816 3835 ibi
835 3773 941 3840 omnia
957 3775 1042 3842 sunl

117 3886 270 3973 puriora,
301 3885 515 3968 dilucidiora,
549 3905 587 3951 ac
613 3885 802 3954 subtiliora:
835 3890 1042 3956 acutioribus

114 4003 267 4076 sensibus
283 4017 360 4070 sunt
378 4004 532 4086 praediti,
550 4006 668 4091 majore
685 4004 893 4090 intelligentia
910 4010 1042 4081 valent,

115 4134 150 4198 et
164 4119 318 4210 propiore
335 4117 477 4187 Deorum
500 4120 735 4191 consuetudine
752 4117 917 4196 fruuntur.
962 4119 1034 4189 Nos

987 4252 1042 4308 vr·
