2362 4936
106 585 176 698 pii
238 584 418 661 numos.
447 565 495 659 in:
522 582 556 670 J.
587 578 708 650 nunu
737 558 928 665 tmrtut‘t'

111 777 205 868 puli,
222 788 253 843 et
263 772 423 857 ‘exprimo
440 768 615 856 specimine
629 783 751 839 caetera
761 769 875 840 deinde
887 779 949 855 suo¹
961 774 1024 843 acri

112 882 168 979 p'ta
181 888 364 959 ¹lectoribus
382 886 619 972 approbarunt.
664 887 709 955 Et
734 901 771 954 tu
794 886 845 956 sic
867 884 1024 976 faciem

108 994 146 1076 iri
161 1018 326 1093 posterum
342 1001 412 1069 siue
426 994 493 1069 isto
509 1001 631 1069 cortice
648 1020 719 1068 meo
735 1002 874 1081 nattbia.

83 1102 86 1108 ’
154 1122 218 1191 list
232 1119 353 1206 igitur,
375 1118 420 1187 mi
436 1118 537 1205 Rati,
560 1112 614 1188 hic
631 1116 670 1191 de
680 1115 861 1187 Posidonio
878 1134 1024 1190 commta

110 1237 213 1309 tirius
233 1234 334 1320 prima
351 1232 469 1318 pensio
487 1226 590 1318 'spri³,
615 1251 710 1319 quam
728 1247 765 1301 tu
783 1230 823 1302 dc
840 1249 874 1314 te
899 1236 977 1309 nitri
989 1250 1024 1306 tei

110 1334 188 1431 cetis
204 1353 397 1429 conciliatus
411 1342 575 1422 excitasti.
619 1352 687 1419 Alii
702 1353 784 1422 enim
801 1367 882 1421 suut
899 1352 1024 1439 discipu

95 1459 156 1552 ii,
179 1470 237 1552 qui
261 1471 324 1540 hoc
349 1469 532 1552 Liternum
553 1468 699 1553 studium
718 1470 752 1535 in
772 1470 898 1550 nostris
913 1465 1024 1545 deuon}

110 1585 234 1653 scholis
260 1586 468 1670 concipiant:
492 1585 570 1667 aiii,
594 1585 652 1668 qui
670 1586 812 1656 afferant.
859 1582 918 1661 Tu
938 1588 971 1655 id
985 1582 1024 1658 ata

108 1698 215 1777 titiisti
240 1716 279 1766 ex
310 1698 481 1783 disciplina
498 1700 712 1783 praeceptoris
733 1701 813 1782 tui,
828 1698 867 1767 i‘.
891 1700 937 1769 A.
957 1698 1024 1770 Boas

106 1812 375 1898 s'ei,-Gymnasii
400 1813 434 1880 iu
457 1813 518 1888 hac
536 1810 628 1900 Urbe
647 1811 783 1898 Latini,
807 1824 889 1896 tuuc
914 1812 1024 1899 coute-

42 2012 46 2017 .
105 1929 229 2012 c'toris,
246 1947 334 2011 nunc
350 1928 942 2014 Rectoris‚uiridoctissimi,optime
954 1944 1024 2010 sana

106 2026 232 2130 meriti,
250 2060 282 2112 et
298 2047 337 2125 de
353 2058 384 2112 te
396 2091 409 2126 ,
420 2046 593 2134 etomnino
610 2045 648 2111 de
666 2045 724 2111 ilio
741 2040 1024 2131 Gymnasio',cutn

110 2177 259 2249 accurata
282 2166 509 2234 elementorum
538 2161 768 2242 institutione,
802 2175 874 2246 tumn
896 2159 1024 2247 ingeniin

103 2272 277 2366 elegantiae
297 2298 393 2348 seusu
420 2279 625 2361 imbuendis,
657 2295 726 2350 tum
751 2297 828 2346 vero
854 2267 963 2350 antiis
986 2276 1024 2367 ari

104 2397 205 2464 studii
229 2396 445 2465 constantiam
462 2393 715 2476 confirmandis3
738 2412 795 2476 per
818 2402 915 2477 quim
937 2393 1024 2481 unice

103 2511 318 2578 constantiam
345 2513 446 2595 ἄνδρες
472 2512 647 2598 ἀριπρεπέες
668 2512 837 2599 rcuiiovrn.
881 2502 1023 2591 Hiscurn

1 2669 2 2677 κ
105 2620 240 2702 dotibus
266 2646 365 2714 quum
387 2645 424 2693 tu
448 2629 595 2694 naturaie
612 2626 707 2693 etiam
732 2628 855 2712 bonum
873 2623 1021 2715 ameno,

105 2744 316 2824 industriae,
354 2741 690 2828 rationis,‘1udicii;
730 2742 778 2808 sic
813 2740 894 2827 meis
932 2740 1023 2808 scitos·

106 2861 146 2935 lis
166 2876 294 2942 operam
318 2857 457 2940 dedisti,
481 2872 518 2923 ut
544 2859 592 2924 nii
618 2858 780 2941 excidere,
805 2859 853 2925 nii
870 2859 1019 2934 interum

103 2977 239 3047 defluere
263 2975 405 3043 sinerest
431 2976 635 3059 eamdemque
658 2975 743 3043 viam
763 2978 943 3062 domestieo
957 2989 1021 3041 stu·

106 3090 160 3157 cito
178 3087 321 3167 legendis
348 3086 570 3171 scriptoribus
587 3087 721 3173 Graecis
738 3105 770 3177 et
784 3088 946 3165 Romanis
959 3102 1021 3174 perr

103 3208 296 3290 sequereris.
343 3211 456 3292 itaque
481 3208 578 3277 tertio
602 3204 807 3295 jam'anno,
831 3214 890 3297 qui
914 3210 1019 3297 abuup

103 3325 179 3399 niem
210 3322 276 3392 fuit
303 3325 437 3393 tertius:
471 3329 733 3409 quandoquidem
763 3330 816 3393 hic
845 3344 895 3396 est
919 3340 1018 3401 sextus

34 3478 38 3485 ,
104 3452 235 3509 nostrae
250 3440 386 3509 notitiae
400 3454 432 3508 et
450 3432 695 3509 iimiiiaritatist
719 3441 815 3507 tertio
832 3442 933 3528 igitur
945 3448 1022 3521 auun'

101 3554 165 3641 jam
182 3573 249 3632 erm
265 3555 451 3638 facultatem
478 3568 646 3633 assecutus
667 3568 760 3637 etas,
784 3569 821 3621 ut
845 3554 1021 3634 urrunnu

107 3678 338 3757 progressuum
360 3688 489 3742 tuorum
507 3673 669 3755 specimen
690 3670 868 3756 conficere,
891 3691 959 3757 quo
972 3684 1023 3757 oua

107 3784 146 3861 id
168 3786 338 3851 doctorum
364 3786 530 3853 hominum
549 3786 767 3871 coguitionem
792 3760 976 3870 proferres,
994 3782 1024 3867 π’

106 3912 156 3975 tes
171 3899 384 3987 fortunasque
406 3919 479 3980 tuas
507 3902 676 3972 honoratis
697 3902 773 3966 viris
790 3906 927 3971 tuendas
944 3908 1024 3975 comi

105 4022 278 4096 mendares.
325 4021 476 4111 Cumque
500 4021 539 4088 de
557 4036 742 4105 argumento
766 4021 961 4103 scriptionis
976 4030 1024 4085 coi

101 4138 201 4233 'gitnte
217 4137 405 4234 coepisses,
428 4137 588 4219 continuo
616 4137 676 4220 tibi
699 4137 892 4223 occurrebat
918 4135 1024 4224 cogui-

120 4260 158 4291 '·
536 4288 539 4292 ·
582 4284 586 4293 ·
980 4269 1024 4337 iii
