2362 4936
86 612 140 688 ‚u
180 597 533 682 'murrona
580 608 714 685 nur.
784 620 864 707 μ’,

86 815 159 869 um:
184 796 254 870 vid,
274 796 415 866 Vossius
431 796 471 863 de
485 793 575 862 Hist.
591 795 710 868 Graec.
730 779 778 883 1‚‘
792 801 846 872 rii.
900 882 905 892 .

86 928 185 982 mest
203 914 292 995 quod
310 914 349 980 e'x
371 913 550 997 Hermippo
568 913 736 986 adfertur?
757 915 853 986 uiui.

93 1054 104 1102 r
139 1039 245 1102 eausa
268 1031 298 1104 δ’
316 1032 450 1119 ἔτραπε
474 1033 527 1109 roi
550 1031 666 1116 latre,
695 1037 754 1110 eds
775 1037 853 1106 Ἰου·
897 1047 899 1051 ’

121 1157 249 1238 Θρᾳκῶν
282 1151 373 1232 δέξας
398 1150 598 1234 trepidasset·
650 1148 756 1234 Igitur
785 1146 854 1217 hor.¹

86 1282 102 1333 t
140 1267 230 1349 quod
267 1262 465 1363 Hermippus
494 1264 596 1347 dicitq
627 1261 853 1351 Pythagoram

86 1398 131 1453 ussi
153 1400 186 1452 cr
213 1385 384 1453 Thracam·
402 1383 561 1472 opiniones
575 1384 742 1449 imitatum
764 1396 854 1455 etse:
896 1366 901 1379 ¹

86 1499 128 1569 ior
149 1501 262 1585 purius
289 1497 471 1583 profectum
497 1514 538 1571 ex
559 1499 744 1582 coniectura
769 1499 854 1566 Her·

86 1614 141 1700 qui
152 1615 346 1701 Judaeurum
364 1612 514 1693 notitiam
530 1613 661 1697 habuit,
679 1632 777 1699 quem
792 1618 854 1683 dtr·¹

90 1732 338 1816 scriptoribus,
362 1732 418 1814 qui
433 1732 578 1816 proximi
589 1747 645 1801 aut
657 1732 856 1804 fuerunt-'ae-

87 1866 228 1934 agorae,
250 1863 306 1914 aut
323 1847 505 1919 Alexandro
523 1849 722 1931 antiquiores
735 1860 750 1915 r·
761 1866 855 1934 quo·

86 1980 160 2046 ipe,
184 1975 221 2028 ut
238 1961 404 2044 diximus,
426 1961 537 2028 nuilus
552 1958 746 2047 Judaeorum
766 1980 855 2037 meu,
877 2001 884 2013 ·

86 2078 163 2147 ecit.
212 2077 328 2161 Neque
355 2094 432 2145 vero
457 2076 656 2162 Hermippus
682 2074 764 2150 dixit
787 2079 853 2164 Py·

86 2194 202 2277 repud
214 2192 355 2277 Judaeos
379 2192 495 2265 fuisse.
542 2191 644 2280 Quod
669 2194 699 2260 si
721 2194 785 2261 hoe
805 2194 856 2263 dl·

86 2307 246 2395 Iosephus
284 2306 435 2392 proferro
465 2325 556 2391 uon,
585 2308 709 2377 omisso
732 2311 855 2383 diserto

86 2428 139 2505 io,
162 2425 203 2492 ad
224 2443 345 2508 anceps
368 2438 400 2495 et
414 2404 604 2493 obscurum
631 2426 852 2514 confugissetr

86 2541 211 2608 >mnino
226 2540 320 2607 iocus
339 2540 372 2606 in
390 2557 429 2607 eo
445 2538 550 2623 libro,
572 2554 611 2607 ut
629 2558 761 2624 omnes,
777 2560 859 2624 quus

86 2669 216 2738 nosset,
239 2654 440 2741 Pythagorae
468 2672 519 2723 res
545 2657 691 2739 proderet
708 2656 860 2741 Hermip·
927 2650 935 2667 ''

89 2774 170 2856 ippe
194 2773 250 2855 qui
278 2772 375 2839 vitam
402 2771 646 2855 doctrinamque
666 2774 736 2859 ejus
756 2776 859 2859 piari·
889 2848 896 2859 ,

86 2904 105 2956 s
126 2887 338 2971 conscripsit.
384 2887 489 2969 Atqui
508 2887 549 2953 ab
569 2887 628 2959 hac
646 2889 784 2975 Juaephi
800 2909 859 2964 au,-

99 3010 239 3093 pendent
254 3007 360 3074 Patres
373 3054 385 3087 ‚
408 3007 467 3089 qui
484 3003 665 3091 Hermippo
680 3022 763 3077 teste
776 3028 857 3077 rou·

95 3122 309 3213 Pythagoram
334 3143 352 3188 a
372 3121 503 3209 Judaeia
529 3121 729 3208 profecisse:
754 3122 859 3195 veruti

86 3244 95 3304 ι’
112 3253 226 3305 eontra
257 3237 348 3306 Cels.
370 3235 399 3303 1.
436 3254 497 3320 15,
522 3238 575 3308 1⁶.
603 3238 661 3333 qui
685 3239 743 3305 hac
760 3240 857 3307 etiam

86 3356 204 3437 :ilitur,
230 3355 318 3437 quod
344 3354 454 3421 locum
485 3352 676 3438 Hermippi,
698 3372 794 3436 quem
820 3352 862 3431 ex'

89 3489 130 3547 us
144 3471 229 3536 libro
250 3470 316 3551 wi
334 3450 731 3554 vetustissimorum
748 3466 860 3569 laudm

86 3587 226 3672 ruphus,
243 3602 386 3654 sumtum
403 3586 546 3671 putavit.
589 3585 634 3662 iit
651 3585 863 3670 quandoqut.

87 3705 234 3788 rmippus
257 3702 452 3787 Judaeorum
477 3719 553 3776 cum
581 3699 745 3773 Thracum
770 3716 860 3771 meus

87 3820 287 3905 conjunxit,
316 3833 349 3882 et
377 3834 487 3896 eorum
528 3817 668 3894 inuicem
706 3822 860 3891 instituta

91 3956 163 4007 esse
194 3934 414 4021 significavit3
450 3935 531 4018 quid
566 3950 646 4019 est,
684 3937 714 4003 si
752 3926 861 4004 minui

87 4055 98 4120 i
119 4056 257 4140 ingeniis
278 4053 430 4120 unitatem
447 4050 509 4117 Dei
529 4068 726 4136 cognoscere
741 4063 860 4133 putueo

86 4170 176 4257 acci,
198 4169 281 4262 quin
308 4185 376 4244 eam
399 4167 511 4251 potius
534 4185 554 4242 s
576 4167 695 4244 urina
712 4161 856 4239 etnous

418 4282 530 4377 uoq
581 4348 584 4353 .
753 4280 863 4361 ‘Tito
