2362 4936
99 530 157 605 ὃν
337 515 765 594 ‚melseotrt

105 705 396 806 Jurispmdentirm
414 706 510 774 ftcile
522 710 687 788 ,trieretmt
711 721 742 771 et
762 718 858 772 artem
879 704 1038 773 rdlribuea

105 829 150 899 rit
174 824 317 898 omnium
345 819 461 888 artium
492 822 681 904 maximam,
711 838 792 904 quse
810 821 938 887 doceret
968 839 1034 886 rem

105 944 286 1016 misacam
311 934 452 1002 tribuere
478 935 513 1002 in
544 950 673 1020 partes,
703 937 849 1003 latentem
875 935 1036 1016 explicare

101 1052 366 1138 interpretando,
388 1051 535 1135 ambigue
552 1053 690 1135 primum
708 1051 833 1133 videre,
856 1049 970 1116 deinde
983 1050 1033 1116 di·

108 1171 297 1254 stinguere,
317 1180 484 1249 postremo
500 1150 614 1233 habere
639 1164 803 1249 tegulam,
827 1183 895 1249 quo
912 1183 984 1231 vera
999 1179 1035 1233 et

104 1284 189 1357 false
213 1263 484 1366 ujudicsrmtur,
514 1293 550 1347 et
585 1291 664 1364 quae
690 1277 813 1361 quibus
834 1278 955 1363 positis
982 1298 1035 1349 es·

105 1415 201 1482 sent,
223 1413 368 1481 quaeque
391 1413 458 1462 non
474 1408 580 1462 essent
596 1392 840 1475 consequentia.
884 1393 960 1460 lluc
977 1413 1032 1462 ac.

105 1514 236 1581 cedebat
258 1509 392 1579 comitas
418 1509 533 1576 blenda
558 1523 588 1575 et
621 1507 884 1590 sermocinatrix,
923 1524 961 1576 ut
999 1524 1034 1578 et

104 1630 208 1712 vulgo
228 1625 363 1694 libenter
387 1623 570 1706 audiretur,
600 1637 632 1688 et
656 1623 825 1707 perspicue
848 1623 1054 1711 intelligens

104 1721 217 1824 terque
233 1739 379 1807 docendo
403 1737 630 1806 indiscentium
653 1737 779 1804 animos
801 1737 893 1803 facile
916 1738 1031 1806 inllue·

105 1870 176 1938 ret;
193 1855 277 1921 uncle
293 1851 414 1919 factum
432 1867 555 1933 estut,
574 1872 650 1920 cum
667 1871 725 1919 sua
744 1853 814 1935 ipse
830 1850 936 1934 fama,
954 1869 1027 1920 tum

104 1969 340 2054 discipulorum
352 1968 471 2037 habitis
484 1969 641 2052 editisque
662 1968 960 2055 disputationibus,
980 1971 1031 2040 A.

104 2086 272 2154 theriacum
287 2097 436 2151 nostrum
455 2084 642 2157 celebraret,

144 2199 216 2285 Jam
233 2199 268 2264 in
287 2198 397 2266 vicino
414 2211 549 2278 nostro,
573 2213 633 2265 tuo
651 2213 763 2282 postea
787 2199 821 2266 in
847 2200 1033 2285 graphiari'o

106 2332 240 2384 munere
261 2317 408 2400 collega,
440 2314 579 2382 Henrico
606 2298 786 2382 Callroenio
812 2317 912 2382 multa
943 2332 1032 2387 erant

107 2450 242 2503 naturae
256 2432 364 2500 bona:
390 2450 506 2499 sensus
523 2432 589 2499 veri
605 2432 775 2515 pulcrique
790 2450 878 2500 acers
902 2434 1033 2502 enimus

106 2551 195 2629 risus
210 2563 241 2616 et
260 2550 430 2616 hilaritatis
447 2548 579 2630 socius,
602 2564 640 2614 ut
655 2567 727 2615 eum
744 2568 916 2634 numquam
930 2551 965 2619 in
979 2556 1032 2623 tri·

106 2681 140 2734 ts
157 2669 301 2751 plorasse
321 2665 461 2730 diceres:
485 2680 572 2731 certe
588 2664 825 2735 dissimillimus
842 2668 1032 2754 Heraclito,

104 2783 194 2855 haud
209 2779 376 2849 dissimilis
392 2781 604 2864 Democrito,
628 2781 765 2865 ineptias
790 2785 881 2870 vulgi
897 2784 1027 2855 ridens:

109 2915 143 2971 tt
160 2898 285 2967 miseris
305 2916 493 2967 succurrere
508 2882 658 2978 discens,
681 2896 715 2963 in
729 2915 832 2982 eoque
846 2900 954 2968 officio
971 2920 1044 2972 nec.

108 3034 244 3100 operte,
265 3032 326 3082 nce
346 3016 392 3080 rei
415 3015 487 3098 ipae
505 3033 603 3095 suae,
625 3033 778 3100 parcens:
802 3018 902 3102 igitur
926 3039 1031 3102 quum

111 3148 232 3215 magno
251 3126 316 3198 fori
336 3147 400 3196 usu
417 3129 631 3214 patrocinium
655 3149 842 3201 caussarum
864 3150 1030 3227 tueretur,

111 3244 255 3316 omnium
273 3262 435 3313 consensu
451 3245 574 3314 laudem
592 3264 659 3314 non
681 3248 777 3315 modo
795 3250 982 3332 prudentiae
998 3269 1032 3322 et

107 3362 202 3447 fidei,
223 3364 280 3430 sed
306 3376 339 3429 et
365 3361 590 3430 beneficentiae
611 3379 643 3429 et
669 3365 869 3432 liberalitatis
894 3369 1032 3451 adeptus

107 3494 172 3546 est.
217 3484 290 3563 lpse
306 3497 438 3563 quoque
461 3478 614 3547 civilibus
632 3499 756 3549 mersus
776 3482 892 3564 undis,
915 3485 1031 3552 maluit

109 3615 169 3663 stra
187 3590 369 3663 constantia
387 3613 506 3662 munus
532 3597 698 3678 amittere,
721 3613 822 3677 quam.
844 3596 1034 3666 inconstan.

107 3710 170 3779 tiae
197 3710 351 3792 opinione
381 3711 583 3793 suscipienda
608 3712 741 3778 retinere
766 3751 809 3767 --
827 3711 1031 3793 justissimus

105 3848 189 3901 unus
199 3827 270 3912 Qus·
276 3828 352 3912 fuit
366 3836 403 3896 in
418 3833 568 3914 Teucris,
594 3845 625 3898 et
641 3837 899 3903 servantissimus
917 3837 1030 3922 arque.

104 3941 430 4029 ,Discolor-uisum!

148 4054 299 4141 Denique
316 4052 397 4130 Aut,
420 4059 481 4132 At.
503 4057 727 4164 Mcerschius,
750 4081 840 4136 meus
858 4064 893 4134 in
907 4065 1030 4137 Schola

964 4177 1033 4251 Rev⁴
