2362 4936
979 357 1044 437 ¹⁴³⁸.

300 552 400 629 anf
440 549 847 649 sensorum.
996 580 1045 665 ⁶9

122 759 180 817 tem
200 744 428 832 significavltp
443 759 477 815 et
491 747 573 815 hanc
591 766 726 833 quoquo
741 764 807 818 tom
823 751 985 839 breviter,
1006 771 1046 828 nt

57 922 61 953 ‚
121 866 193 933 tlter
210 863 303 931 tlteri
327 863 426 931 locor
450 881 627 947 repugnare
644 863 801 934 videatur.
845 865 911 933 Sed
930 887 1046 951 operae

57 1024 62 1044 .
118 982 245 1068 pretinm
260 992 338 1062 est,
360 979 453 1063 ipsos
470 996 631 1063 apponere
647 981 762 1062 locos,
783 979 814 1047 si
829 977 915 1047 forte
930 996 1044 1053 eorum

57 1140 60 1154 ·
117 1096 319 1167 contentione
333 1094 462 1178 diquid
475 1094 552 1161 huic
566 1110 754 1179 &ponente
766 1097 850 1162 lucis
859 1095 1041 1167 eliciturus.

57 1252 59 1261 =
113 1213 206 1299 Igitur
220 1213 259 1280 in
275 1206 446 1296 Epistolis
466 1211 519 1277 Ad
533 1210 610 1279 Div.
627 1210 664 1293 1,
676 1230 697 1294 9
709 1256 722 1291 ,
732 1213 766 1296 ς.
785 1211 848 1295 67,
863 1212 981 1281 scribit
997 1213 1039 1283 td

104 1326 304 1397 Lentulum
329 1327 460 1414 Scripsi
472 1307 584 1415 igitur
599 1328 792 1396 Aristotelio
806 1350 914 1410 moro,
929 1352 1038 1420 quero·

114 1441 277 1512 duodoni
299 1425 435 1530 'pendor
460 1441 568 1522 volui,
591 1453 658 1508 ires
674 1441 773 1510 libros
788 1447 826 1508 iro
840 1443 1039 1532 disputatio·

114 1579 149 1623 roo
164 1579 203 1625 ac
217 1557 351 1644 dialogo
366 1555 421 1622 Do
441 1556 604 1626 Oratore:
625 1579 701 1647 quos
725 1560 876 1628 arbitror
894 1563 1037 1634 Lentulo

111 1687 158 1740 too
174 1675 254 1760 sore
268 1688 336 1739 ‘non
351 1674 511 1759 inotiics;
533 1672 710 1740 abhorrent
724 1679 807 1742 enirn
824 1698 847 1743 a
861 1679 1036 1746 communi·

110 1785 161 1850 oos
180 1788 398 1876 praeceptis,
430 1798 462 1850 rr
490 1787 569 1871 (ito
592 1802 677 1854 recte
700 1790 861 1858 Ernestus
886 1794 1034 1877 reposuit

112 1922 169 1988 pro
187 1905 321 1989 vnlgtto
345 1904 418 1989 ao)
443 1923 562 1970 omnem
583 1911 816 1995 antiquorum,
845 1923 878 1975 or
901 1909 1034 1990 Aristo,-
1062 1928 1075 1979 l

109 2024 218 2089 rrlearr
234 2036 268 2087 cr
285 2020 488 2091 Isocratem
505 2026 665 2090 rationem
692 2028 874 2094 oratoriam
898 2029 1034 2115 compie-

108 2150 250 2205 cruotnr.
303 2138 379 2205 Hoc
405 2137 482 2202 loco
508 2136 557 2202 nil
580 2150 714 2218 apparet
736 2120 910 2206 dilncidins
933 2159 1034 2225 posse

108 2253 188 2322 dicit
210 2253 444 2322 Aristonicum
469 2265 501 2317 et
525 2251 722 2319 Isocroroaro
745 2259 905 2322 rationem
923 2271 1031 2324 orato·

110 2375 195 2435 riam
215 2371 294 2436 dicit
314 2370 383 2454 ipsa
398 2368 606 2451 eloquentiae
624 2384 792 2452 praecepta
816 2388 855 2434 ex
876 2370 928 2436 his
952 2374 1030 2444 dna·

108 2482 166 2549 bns
197 2482 403 2567 principibus
438 2481 563 2549 scholis
597 2494 723 2547 sumta:
758 2500 894 2564 quarum
920 2486 1029 2556 laudes

104 2601 261 2685 praedicat
288 2601 360 2683 ipse
382 2598 433 2665 De
459 2598 653 2666 inventione
677 2590 732 2678 ΙΙ,
754 2614 788 2663 o.
834 2600 1028 2668 Aristotelio
1163 2672 1169 2690 x

103 2744 185 2789 noro
203 2726 242 2786 iro
255 2717 474 2808 disputatione
502 2737 541 2782 oo
567 2714 719 2801 dialogo,
737 2708 899 2801 significat
922 2709 1027 2801 ipsam

104 2836 274 2905 disserendi
292 2854 330 2902 ac
354 2832 476 2918 dialogi
495 2832 649 2900 formam:
675 2833 772 2918 cujus
797 2831 919 2901 formae
941 2849 1025 2927 certe
1085 2826 1088 2831 ’

106 2970 137 3017 ot
161 2969 234 3032 pars
263 2946 420 3018 Ciceroni
446 2965 522 3012 cum
549 2946 724 3013 Aristotele
751 2946 932 3016 communis
948 2963 1023 3033 est,

108 3067 193 3148 quod
210 3066 351 3149 scriptor
369 3080 437 3131 non
453 3079 492 3127 ex
516 3080 573 3129 sua
601 3061 673 3147 ipse
694 3080 830 3146 persona
853 3063 1022 3147 loquitur,

107 3180 157 3245 sed
168 3179 252 3246 alios
267 3181 441 3262 loquentes
456 3174 599 3245 inducit:
624 3177 726 3244 veluti
747 3174 862 3245 Cicero
880 3172 1021 3246 inlibris

104 3293 147 3361 lle
161 3293 298 3361 Oratore
314 3276 493 3372 Crassum,
516 3287 719 3373 Antonlunr,
743 3288 916 3373 Catulum,
939 3285 1022 3358 Can-

105 3428 219 3493 sarcnr,
242 3410 440 3478 disserentes
466 3403 567 3473 iacit:
592 3422 691 3489 etque
715 3404 791 3471 item
815 3404 1021 3472 Aristotelem

105 3525 279 3611 factitasse,
295 3545 335 3593 ex
348 3525 416 3592 illis
430 3522 596 3592 Ammonii
608 3518 716 3590 verbis
732 3515 843 3607 colligi
856 3518 1019 3591 debete-'-

106 3646 256 3729 innoxio
278 3649 334 3728 tl,
362 3645 421 3714 ira
447 3645 493 3728 pl
517 3645 552 3726 ἐξ
573 3644 680 3713 olicino
702 3641 854 3725 προσώπου
872 3641 1021 3725 sorim·

109 3772 174 3845 Φεν,
195 3767 290 3847 ἄλλ’,
320 3764 423 3848 ὅπερ
446 3767 462 3834 ὃ
482 3764 638 3846 Πλάτων,
667 3761 888 3847 ὑποκρινόμενος
913 3762 1020 3844 ἑτέρων

113 3885 253 3961 rodoara.
271 3916 313 3935 -
331 3881 419 3949 Nam
438 3894 469 3946 et
484 3880 576 3947 Plato
585 3897 745 3961 nusquam
761 3877 794 3944 in
811 3877 879 3942 suis
899 3875 1019 3959 ipseli·

59 4030 62 4135 y
114 3992 373 4068 briosuonomine
382 3996 540 4079 loquitur.
563 3997 675 4062 Altero
684 3993 959 4063 lococontrarium
968 3994 1017 4060 vi·

59 4144 62 4213 f
115 4105 190 4178 detur
202 4130 342 4184 reserere
369 4110 508 4197 Cicero,
530 4112 634 4181 llttic.
653 4110 755 4194 xlll,
782 4129 842 4197 19,
865 4109 960 4192 quasi
976 4107 1021 4172 li·

59 4216 62 4235 Ι
535 4226 542 4243 ’
938 4223 1017 4291 bros
