2362 4936
227 529 485 629 aursnoms
511 528 774 626 itsuourcr.
932 564 993 648 ut

106 743 190 828 quiin
204 743 291 811 uobis
306 741 452 826 cogitet,
471 742 544 807 isse
558 739 794 824 substantiam,
817 726 994 826 etquidem

107 862 197 928 esinio
217 870 312 927 sensu
341 878 390 925 ex·
412 876 451 923 eo
477 875 588 941 genere
609 856 885 941 substantiarum,
914 879 998 943 quas

103 978 332 1049 uuiiasirsbesnt
362 956 481 1060 partes.
535 973 610 1042 Vid.
645 976 678 1058 5.
701 954 759 1043 v'1.
782 988 813 1042 et
830 973 992 1061 Ontoioge

103 1093 293 1179 V11‚45,8.
357 1106 362 1120 ’

130 1210 161 1277 11.
186 1210 292 1298 Quum
318 1203 510 1274 certissimis
528 1205 742 1290 Physicorum
761 1200 997 1273 observationi·

103 1320 147 1388 ius
164 1334 306 1400 constet,
337 1321 487 1401 Corpora
513 1304 673 1386 continuo
701 1319 745 1384 ite
769 1317 914 1401 mutari,
954 1330 995 1387 ut
1042 1296 1050 1322 ‘

103 1437 195 1501 unum
209 1435 355 1517 pertibus
373 1435 535 1499 veteribus
552 1432 777 1500 secedentibus
796 1436 899 1499 novae
916 1444 994 1519 sucis

108 1554 209 1635 tedant3
225 1551 392 1634 quomodo
410 1549 443 1615 in
459 1550 617 1634 ejusmodi
629 1548 920 1616 commutationum
933 1547 996 1613 flu-

105 1682 136 1735 su
147 1668 200 1733 ulls
214 1683 281 1732 esse
296 1664 416 1749 poterit
434 1678 490 1729 rut
507 1664 728 1745 conscientia,
746 1682 810 1745 qua
825 1662 897 1746 ipse
913 1663 996 1729 Ani·

107 1800 157 1848 uus
168 1783 223 1848 tibi
237 1801 273 1849 se
287 1783 433 1848 eumdem
453 1798 577 1862 semper
592 1792 780 1845 conservat:
801 1794 858 1874 aut
874 1796 997 1844 memo·

108 1901 156 1980 tit,
171 1915 305 2017 quaeest
324 1897 516 1964 instauratio
534 1912 675 1964 veterum
696 1894 971 1976 perceptionum?

137 2018 185 2085 ΙΙΙ.
210 2015 344 2084 Materia
368 2032 406 2082 se
428 2014 498 2098 ipss
524 2033 650 2082 movere
674 2004 808 2097 nequire
844 2018 900 2082 sed
926 2035 997 2083 onr-

111 2143 167 2211 nes,
183 2150 256 2214 quse
277 2131 311 2196 in
330 2148 397 2196 cam
426 2130 536 2196 cadere
560 2145 720 2212 possunt,
746 2131 940 2197 mutationes
960 2151 999 2199 ex
1080 2116 1082 2127 ¹

114 2258 255 2330 antegressa
271 2262 363 2313 nrotu
381 2246 650 2329 proficiscuntur.
684 2236 823 2328 itaque‚'
838 2247 895 2328 qui
914 2242 1000 2318 Ani·

117 2375 176 2427 nun
194 2341 372 2447 coporeum
400 2381 472 2429 esse
501 2375 671 2442 statuunt,
695 2363 794 2426 simul
812 2381 883 2427 eum
904 2362 1000 2430 liber·

117 2492 159 2546 trte
169 2490 220 2553 sm
235 2487 399 2571 spolient,
422 2496 455 2548 et
471 2479 658 2551 necessitati
675 2479 845 2549 machinae
861 2481 999 2548 adstrin.

112 2612 175 2678 unt
652 2602 658 2614 '
728 2602 736 2616 “
1018 2665 1024 2681 .

140 2711 184 2782 Ν.
197 2715 292 2803 Quod
312 2716 340 2784 si
357 2713 495 2781 Animus
514 2729 563 2782 est
582 2711 1000 2797 corporeus,cogitationes
1099 2713 1103 2721 '

113 2827 161 2899 ise
179 2838 308 2904 invicem
337 2856 404 2904 non
421 2837 486 2903 nisi
503 2835 605 2919 figure
618 2850 651 2901 et
667 2850 759 2904 motu
779 2835 905 2901 differre
923 2854 1003 2918 pos·

111 2962 184 3034 turtq
199 2958 240 3020 ita
262 2954 415 3036 quidem,
434 2969 471 3020 ut
488 2953 648 3034 quaelibet
661 2952 817 3037 cogitatio
835 2970 923 3026 suam
939 2953 1003 3018 sibi

109 3055 193 3134 hibent
205 3068 360 3156 liguram,
385 3088 448 3151 qua
464 3070 663 3136 discernatur
681 3070 720 3136 ab
740 3070 811 3136 aliis
828 3070 1000 3153 cogitatio·

107 3177 188 3250 mirus.
224 3186 326 3261 Porro
345 3187 378 3251 in
396 3205 499 3269 rerunt
518 3199 716 3251 externarum
735 3186 939 3267 perceptione
952 3185 1005 3249 di·

105 3294 157 3362 virt
168 3300 244 3368 inter
260 3321 297 3368 se
312 3302 432 3368 hubent
447 3302 547 3368 officia
563 3303 702 3368 Animus
719 3316 750 3367 et
768 3301 922 3383 Corpus:
939 3301 1005 3367 hoc

104 3423 238 3483 numum
263 3437 419 3502 sensum,
443 3418 498 3484 ille
523 3418 682 3485 internum
709 3436 838 3485 sensum
862 3417 1001 3488 confert.

56 3606 58 3623 Ι
105 3521 236 3613 Atreo,
259 3534 288 3597 si
311 3533 450 3598 Animus·
476 3551 525 3599 cst
543 3552 743 3615 corporeus,
766 3537 1002 3618 consequitur,

107 3649 239 3712 attollas
257 3652 301 3715 sit
317 3650 465 3714 internus
484 3668 625 3729 sensus,
648 3663 681 3714 ct
706 3665 743 3714 ut
761 3664 830 3717 tota
849 3652 1008 3719 sentiendi

112 3757 374 3831 tuscanecium
395 3766 435 3830 sb
461 3785 527 3831 uno
546 3782 679 3832 externo
697 3784 794 3833 sensu
815 3760 1007 3836 continuato

116 3868 291 3947 umorum
310 3897 342 3947 et
351 3879 516 3946 Animum.
540 3880 609 3964 Jam
626 3899 703 3946 vero
718 3883 884 3962 quomodo
898 3880 1005 3963 fit,ut

56 3987 58 4031 ²
114 3990 327 4080 eundemque
342 3973 547 4081 perceptione
563 3999 672 4080 piures
691 3990 808 4080 eaeque
823 3998 931 4064 variae
946 4016 1007 4061 no·

56 4130 60 4158 =
115 4091 206 4199 iim,
219 4129 273 4185 tut
286 4113 440 4207 pluribus
459 4112 565 4197 iisque
586 4113 722 4181 diversis
739 4110 1006 4202 perceptionibus

56 4222 59 4227 ’
449 4208 453 4219 ’
562 4233 628 4320 15
949 4244 1013 4311 unq
