2362 4936
282 594 544 674 amnonis
565 594 831 671 ratramni.
984 601 1036 691 81
1111 674 1114 679 ,

74 815 88 867 t
134 780 314 858 bbucnecse
330 748 481 858 eutice?
484 788 618 875 scriptio
627 786 796 871 intercepit
807 806 817 852 c
829 801 903 871 tum
919 801 1030 885 prodi.

74 932 86 975 i
132 901 377 990 ”ibim-1¹¹2
404 898 444 975 '¹⁹’-
460 904 529 986 111,
544 924 579 988 P·
596 918 676 985 175,
698 914 898 998 exspectatio
918 916 1028 984 subsi-

74 1050 81 1092 Ξ
130 1017 345 1090 Wfflilsti‘a'
361 1023 467 1090 <1⁰01ss
477 1019 775 1102 impertiendorum,
794 1030 1026 1118 Cujusetrspc·

130 1134 251 1209 minuit
259 1140 315 1227 qui
323 1138 423 1211 fucrit
431 1150 591 1227 euentua,
604 1145 680 1228 quia
697 1146 775 1214 haec
788 1147 930 1215 scribens
938 1168 1025 1216 non.

132 1252 186 1326 ita.
197 1258 350 1340 sciebam,
369 1272 470 1339 quum
480 1259 586 1328 sciero
602 1261 704 1329 dicam
721 1262 755 1329 in
770 1263 901 1329 exordio
919 1281 1021 1332 anno·

77 1376 80 1385 '
129 1376 248 1447 'actionisc
267 1373 327 1442 ubi
343 1375 444 1443 simul
460 1396 568 1458 meas,
585 1396 665 1463 quas
684 1378 754 1462 ipse
769 1378 883 1460 attuli,
906 1381 1019 1464 copias

74 1549 77 1558 .
100 1548 103 1557 .
133 1493 276 1570 dorlanbo,
297 1492 400 1560 Nunc
411 1492 671 1577 illaexspectatio
687 1514 728 1562 ne
745 1514 806 1561 nos
816 1494 939 1563 diutius
949 1516 1018 1565 mo·

74 1650 76 1673 .
134 1625 239 1695 ntum,
258 1608 489 1694 praefationem
516 1625 548 1680 et
571 1612 709 1694 reliquas
735 1612 885 1680 editionis
911 1630 1016 1695 partes

74 1762 80 1781 ·
131 1726 226 1810 onus,
247 1744 310 1810 qus
323 1725 485 1795 Graecum
506 1742 714 1809 contextum,
738 1727 946 1796 festinatione
962 1729 1021 1795 ab·

132 1842 223 1917 coluere
238 1840 379 1911 institui.
427 1844 538 1926 Atque
565 1845 628 1911 hue
649 1843 787 1929 pertinet
805 1845 909 1928 illud,
932 1841 1022 1929 quod

74 1996 77 2015 ·
132 1954 199 2024 initio
211 1958 297 2042 disi,
312 1958 487 2026 editionem
506 1961 588 2027 hanc
606 1957 695 2031 breui
719 1979 815 2047 opere
834 1959 1020 2031 confectam

74 2101 77 2123 ¹
130 2095 185 2154 ὕει
220 2079 303 2149 Nam
324 2079 527 2147 interuallum
549 2095 624 2148 utut
641 2082 774 2166 longum
798 2079 918 2164 fuerit,
940 2096 1021 2148 tem·

74 2232 75 2241 κ
129 2209 282 2275 arcumen
298 2196 408 2281 operis
424 2196 573 2279 exiguum
591 2193 669 2264 fuit.
905 2202 908 2207 ’

160 2306 239 2395 Quod
251 2329 326 2378 vero
341 2309 544 2377 Phaedonem
568 2308 703 2378 manime
722 2309 846 2393 sumai,
868 2309 946 2377 haec
966 2329 1016 2378 ra·
1093 2314 1112 2339 ’·

132 2420 166 2486 tiu
177 2422 245 2497 luit,
282 2423 478 2514 Quaerebam
495 2438 596 2493 unum
607 2423 769 2505 dialogum
781 2441 873 2504 eum,
890 2443 929 2488 ex
944 2443 1013 2509 quo

127 2538 264 2621 alisanae
283 2540 374 2616 Plato
398 2549 672 2622 cognosceretur,
701 2550 786 2602 certe
804 2535 839 2602 itt
862 2536 1018 2603 omnibus
1130 2530 1132 2534 ’

125 2653 293 2738 doqnmtise
316 2650 519 2733 uirtmibus,
548 2648 798 2735 perspicuitate,
831 2650 1015 2734 suauitate,

123 2777 263 2858 mutator
286 2778 384 2864 cujus
402 2788 624 2858 argumentum
645 2789 676 2838 et
695 2789 878 2855 momento,
901 2789 933 2841 et
951 2794 1017 2843 ma·

121 2891 201 2972 terii,
214 2907 244 2957 et
260 2890 404 2970 ratione,
418 2887 611 2954 discentium
628 2885 753 2960 fructui
764 2886 940 2969 captuique
950 2907 1018 2955 ma·

120 3002 188 3079 xlae
205 3006 407 3080 conueniretc
432 3006 488 3089 qui
513 3003 653 3095 denique
676 3021 883 3086 personarum
910 3005 1015 3071 actio·

116 3119 212 3205 nisque
223 3124 371 3190 varietate
392 3138 428 3184 ac
448 3118 681 3202 dispositione,
703 3130 865 3200 tamquam
890 3118 1015 3184 drama·
1128 3202 1132 3213 ι

116 3238 151 3306 tis
165 3236 455 3318 verisimilitudine,
473 3235 596 3318 inipso
614 3233 813 3318 dialogorum
833 3251 942 3317 genere
959 3252 1014 3300 ex·

110 3354 228 3436 cdbtrn
263 3356 335 3444 Jam
353 3353 411 3438 qui
427 3370 538 3418 omnes
556 3352 612 3418 has
629 3352 721 3416 dotes
738 3348 903 3432 afferrent,
927 3369 1013 3433 quo·

107 3484 225 3554 nmque
241 3472 319 3540 adeo
334 3472 370 3539 in
390 3468 452 3533 hoc
475 3467 599 3537 deiectu
624 3468 778 3533 rationem
804 3466 917 3534 habete
933 3487 1012 3550 pos·

106 3600 184 3668 tm,
196 3588 261 3655 duo
276 3599 390 3667 ccam,
407 3582 606 3650 Conuiuium
624 3598 655 3648 et
670 3583 839 3649 Phaedone
857 3583 939 3648 illud
955 3603 1013 3650 co·
1037 3568 1040 3575 ’

106 3704 245 3788 nonne,
266 3702 320 3773 laic
344 3697 524 3786 tragoediae
540 3697 716 3773 finitimus:
744 3720 881 3782 quorum
902 3718 1009 3773 utrum

107 3838 271 3909 sunm,
294 3822 392 3908 optio
414 3817 552 3887 difficilis
578 3836 653 3887 erat.
697 3819 806 3899 Nam,
830 3836 866 3885 ut
891 3836 1015 3898 caetera

106 3938 200 4022 ptris,
216 3958 357 4011 autnon
379 3935 518 4004 multum
541 3935 690 4017 diversa,
714 3951 839 4020 essent3
863 3939 1012 4009 Phaedon
1037 3924 1042 3931 ¹

104 4058 230 4126 monmt
244 4056 409 4147 grauitate
430 4068 461 4120 et
474 4050 610 4124 affectus
636 4052 832 4119 Conuiuium
851 4055 1013 4123 alliciebat

105 4164 261 4262 ficiiinte,
283 4166 493 4252 festivitate,
522 4181 553 4234 ct
576 4166 652 4232 vero
679 4166 859 4253 subsidiis,
891 4164 1014 4253 quibua

581 4281 652 4371 ὴ
948 4277 1015 4354 cui·
