2362 4936
89 202 95 213 Ι
962 39 1168 268 k

903 260 915 270 o

815 348 817 356 r

302 552 560 629 ruaunotus
587 526 852 642 uirtutum,
924 557 928 565 '
994 586 1059 668 ns

166 756 241 828 tero,
253 756 409 829 tamquam
429 747 539 830 pineea
555 744 591 815 in
601 748 768 835 profundo
782 752 882 837 mari,
899 755 944 823 ita
961 752 995 822 itt
1010 760 1062 830 int

154 858 217 930 lino
229 865 288 929 tire
307 862 482 948 degimuat
505 865 601 948 pauci
618 880 716 949 caput
738 866 875 938 efferunt
895 872 928 938 in
946 877 1060 957 porto.

144 989 200 1044 ren
221 980 394 1061 aetlrerem3
422 979 531 1047 omnia
549 981 639 1066 apud
655 999 717 1049 nos
746 992 855 1061 eratne
879 1005 916 1054 ae
938 1000 1061 1063 terrem

140 1110 228 1175 aunt,
249 1093 383 1161 hebetet
399 1111 542 1178 tensus,
564 1094 652 1164 tarda
677 1095 908 1184 intelligentis,
924 1100 972 1173 nil
986 1106 1062 1181 vern

129 1211 497 1298 annoqueuonumr’
1042 1226 1045 1231 “

173 1326 368 1412 lixllepub.
389 1330 445 1397 Xt
468 1329 545 1398 Duo
571 1344 650 1398 aunt
667 1328 699 1397 in
718 1331 824 1413 terti,
847 1330 988 1417 linquet
1009 1344 1060 1405 rer

130 1442 228 1530 gione
243 1446 392 1529 oppositi
406 1447 474 1512 dun
488 1445 523 1512 in
538 1447 650 1529 coelo,
662 1444 793 1527 hiatus,
809 1463 866 1527 per
880 1464 964 1529 quos
979 1454 1060 1519 liniis

138 1576 203 1626 rute
217 1560 418 1629 autcendunt
442 1579 478 1628 ac
505 1559 718 1633 descendunt.
745 1562 802 1629 ⁴lu
821 1559 935 1633 horum
954 1564 1058 1633 medio

124 1675 403 1761 sanotJudicea,
426 1676 542 1759 quide
561 1673 743 1742 Animnbus
756 1672 929 1760 judicant,
951 1675 1057 1760 iisque

133 1791 221 1876 rignt
235 1792 359 1859 addunt
373 1791 456 1857 bene
476 1790 526 1856 vel
550 1790 631 1856 maie
654 1787 834 1858 laetorumt
860 1789 929 1873 pias
947 1770 1061 1860 adde·

133 1920 423 1986 menusanum,
446 1904 563 1988 impias
579 1903 618 1975 ad
635 1900 799 1971 sinistram
824 1905 973 1972 deorsum
1001 1906 1059 1974 tir.

130 2018 244 2104 tegant.
287 2017 462 2088 Circuitus
478 2021 666 2093 Animarum
684 2018 721 2100 fit
739 2017 827 2087 mille
841 2020 954 2088 annisu
975 2039 1059 2104 qure

103 2137 215 2202 ⁵·nttln
227 2133 486 2218 comminemur,
509 2134 652 2202 centenis
677 2116 864 2217 quibusque
888 2132 981 2202 annin
998 2154 1061 2219 pu.

140 2248 291 2335 uiumur3
315 2264 354 2317 ut
378 2250 460 2315 malt
486 2247 570 2316 faeta
598 2248 704 2315 decies
730 2249 842 2330 luant,
865 2250 893 2315 si
918 2249 953 2318 in
977 2252 1060 2322 alius

146 2366 232 2432 trade
246 2365 472 2450 iniustitiique
496 2362 689 2430 saevierint:
715 2363 820 2428 eadem
843 2341 964 2431 ratione
981 2365 1063 2441 bonl

148 2477 217 2547 bene
231 2476 390 2546 fretorum
408 2478 548 2563 praemia
565 2477 670 2545 decies
686 2476 864 2560 accipiunt,
897 2478 960 2544 Sed
977 2492 1058 2548 aunt

151 2591 332 2663 insanabiles
352 2611 486 2676 quoque
508 2591 665 2674 maieiici,
689 2610 827 2676 quorum
846 2610 949 2676 poena
974 2595 1063 2667 millu

152 2724 288 2778 tutorum
305 2707 450 2775 uireuitu
469 2727 536 2778 nou
553 2706 755 2788 absolvitur,
773 2707 829 2773 aed
845 2706 996 2792 deinceps
1010 2708 1063 2778 itt·

158 2836 317 2907 stauretur,
346 2823 451 2889 veluti
481 2822 651 2909 sacrilegi,
684 2820 835 2904 tyranni,
865 2835 897 2887 et
921 2823 1062 2893 similer.

161 2936 323 3022 Caeterum,
344 2939 480 3023 expletis
503 2939 590 3005 mille
606 2935 723 3019 annis,
746 2935 882 3004 Animae
899 2939 1062 3006 ducuntur

166 3052 393 3123 tituuirionem
412 3056 567 3123 novarum
583 3051 742 3118 vitarum:
759 3042 963 3125 ubismaxlme
977 3071 1062 3138 opus

168 3182 200 3234 ut
214 3171 358 3252 prudenti
373 3168 536 3251 eonsili03
559 3185 599 3234 ne
618 3166 724 3251 specie
747 3166 895 3247 deceptae
920 3167 1061 3251 pejorem

165 3281 238 3353 tltrn
253 3285 381 3353 meliori
395 3296 602 3365 anteponant.
646 3280 821 3360 Pleraeque
836 3292 942 3346 tamen
958 3282 1065 3352 studit

86 3404 88 3414 ’
166 3398 254 3476 prioris
283 3402 369 3470 uitae
394 3411 578 3481 sequuntur
600 3395 636 3462 in
663 3393 818 3460 electione
845 3409 948 3459 novae
963 3391 1060 3465 vitae,

90 3504 92 3513 '
165 3505 347 3600 Posteaquam
363 3516 447 3582 uitas
459 3507 881 3595 elegerunt‚abdueunturi
893 3524 955 3571 suo
973 3522 1069 3589 quae·

86 3668 88 3674 >
166 3641 212 3707 pue
221 3629 322 3699 Genio
335 3632 368 3698 in
384 3631 555 3710 Corpora:
569 3625 657 3708 prius
671 3639 831 3706 permeant
845 3621 965 3690 Lethea
979 3637 1068 3695 eam·

86 3768 92 3788 ν
167 3754 226 3821 pum
245 3764 280 3812 tc
298 3745 456 3812 fluvium:
481 3758 519 3806 err
543 3759 610 3822 quo
628 3754 665 3805 ut
688 3739 789 3827 magis
816 3739 963 3805 minusue
982 3738 1072 3804 bibe-

168 3872 247 3939 runt,
268 3863 312 3928 ita
332 3876 437 3928 rerum
456 3868 684 3923 anteactarum
703 3854 885 3921 memoriam
903 3853 1070 3927 amittunt,

164 3966 219 4039 litt
235 3994 306 4043 rero
327 3990 452 4043 tantum
472 3972 638 4038 hominum
658 3970 741 4037 vitun
760 3970 824 4037 sibi
840 3969 969 4053 eligunt
989 3965 1079 4030 Ani«.

166 4100 243 4182 ute,
263 4093 319 4170 ted
334 4090 503 4171 brutorum
526 4105 668 4181 quoque.
713 4083 842 4160 Genius
865 4097 971 4154 autem
990 4096 1075 4147 tuna

1011 4194 1085 4270 eui·
