2362 4936
397 362 402 372 ι

1096 378 1101 387 τ

219 511 756 587 nn-noscuru-lu.
911 529 953 610 ff

56 705 105 776 'lu
121 707 220 795 legeras
233 719 407 784 auctores,
427 702 758 790 hosetegolcgernmt
782 704 885 791 igitur
902 711 952 774 lo·

53 825 104 902 ci,
124 841 192 908 quos
205 821 282 886 alter
306 815 491 904 proferret,
513 819 603 888 elteri
621 839 688 888 non
714 838 802 890 erant
828 824 952 908 ignoti:

53 930 172 1004 crerint
194 934 374 1023 ejusmodi,
403 949 440 1002 ut
457 951 604 1002 nostrnm
625 936 753 1020 utrique
769 938 955 1021 placerent:

52 1053 116 1119 hate
130 1053 215 1122 nobis
240 1051 306 1120 fuit
332 1049 461 1117 materis
481 1056 693 1135 συμπαθείας,
716 1068 797 1135 quae
814 1068 863 1118 est
880 1071 956 1135 pars

53 1169 163 1236 amoris.
205 1165 259 1233 Tu
288 1166 484 1235 Graecarum
508 1164 691 1235 Literarum
716 1188 783 1235 eras
808 1169 958 1252 cupidis.

55 1282 157 1353 simus:
179 1282 457 1367 egoaliquantum
473 1280 506 1348 in
523 1281 565 1350 iis
583 1284 789 1366 profeceram.
834 1283 888 1350 Tu
905 1302 956 1350 me
1036 1283 1043 1296 '
1123 1274 1127 1297 '

55 1415 140 1464 auare
152 1396 332 1465 uidebaris:
355 1395 419 1464 hoc
444 1416 581 1465 amorem
606 1416 680 1483 erga
696 1397 747 1463 Te
765 1399 843 1467 milri
859 1399 954 1467 facie·

55 1512 120 1595 btt;
133 1528 164 1579 ut
176 1525 221 1578 est
239 1509 472 1596 proverbium,
487 1513 556 1597 ipos
571 1516 849 1598 imitatorium.
880 1515 954 1585 Huc

56 1631 217 1711 tccmbrt,
228 1630 319 1714 quod
341 1627 397 1696 Tu
416 1629 523 1700 bonus
544 1629 642 1709 homo
658 1616 750 1712 eras,
767 1643 799 1695 et
817 1648 866 1695 me
879 1628 954 1695 item

58 1760 116 1809 esse
134 1742 211 1810 baud
232 1743 419 1810 dubitares:
442 1742 599 1825 dicerem,
630 1757 661 1808 et
679 1763 733 1829 ego
757 1747 835 1812 item
857 1743 954 1812 boreus

58 1883 152 1944 erun,
165 1861 228 1936 nisi
239 1863 322 1933 dese
330 1860 405 1945 ipso
421 1860 496 1928 haec
513 1862 676 1947 professio
691 1864 831 1948 speciem
841 1866 953 1934 leuita-

63 1979 98 2050 tis
111 1980 210 2052 nabere
231 1996 419 2066 putaretur:
444 2000 592 2067 magnum
611 1984 693 2052 enim
711 1988 872 2067 quoddam
891 1988 954 2053 ltoc

61 2112 118 2179 bt,
135 2096 239 2170 bnon
256 2100 416 2170 hominem
435 2119 520 2182 csse,
541 2114 572 2166 et
589 2118 664 2168 vere
681 2102 799 2169 dicitur
812 2107 957 2185 χτλετὸτ

61 2215 146 2288 lalnlv
163 2217 303 2298 ippone·
327 2214 367 2280 ab
384 2215 457 2284 eliis
473 2214 624 2284 tributam
643 2212 709 2288 sibi
725 2215 805 2284 habe
831 2217 954 2284 laudent

63 2330 183 2413 occipere
203 2333 293 2398 licet:
320 2331 482 2398 eruditum
507 2349 544 2397 se
565 2350 659 2411 esse,
680 2344 712 2397 et
734 2331 840 2414 ipsum
860 2331 960 2414 proli-

66 2444 131 2525 teri,
148 2446 271 2528 pnen'lis
287 2462 339 2519 est
357 2445 534 2515 veniretis:
553 2463 635 2525 nec,
655 2445 694 2509 ab
713 2445 786 2512 aliis
801 2443 959 2513 tributum

63 2561 205 2647 recipere,
227 2566 348 2643 invidia
372 2579 474 2632 caret.
519 2560 617 2632 Certe
639 2563 799 2648 curicitie,
822 2566 887 2632 nisi
912 2567 963 2633 in·

61 2687 99 2742 ter
114 2674 228 2759 bonos,
248 2696 320 2744 esse
336 2677 464 2760 nequit.

92 2787 218 2874 Migrovi
241 2793 543 2874 Amstelodamum,
565 2795 675 2862 eodem
700 2815 784 2887 anno
809 2813 954 2868 exeunte.

62 2898 154 2972 lotio
175 2925 205 2980 et
228 2909 377 3000 quotidie
405 2929 467 2978 unt
490 2908 635 2994 fuimus,
658 2927 690 2978 et
716 2913 748 2977 in
765 2913 906 2993 studiis,
929 2929 962 2980 et

65 3017 275 3094 leontinae
291 3026 540 3094 consuetudine.
567 3027 650 3095 Mox
668 3029 781 3094 tertius
798 3029 894 3096 nobis
910 3050 968 3098 ac·
1037 3093 1041 3102 .

65 3140 144 3208 cessit
158 3144 335 3214 studiorum
355 3145 463 3211 socius
477 3145 636 3215 Matthias
650 3146 876 3216 Temminkius
888 3149 972 3230 ,vir

64 3255 203 3340 optimus,
233 3258 456 3341 Wesselingio
483 3262 621 3328 doctore·
638 3262 751 3328 eximia
782 3261 962 3330 Literarum

64 3385 86 3439 tt
96 3370 245 3444 Historiae
262 3375 399 3442 scientia
416 3376 702 3457 cruditus,novam
716 3377 885 3443 editionem
899 3383 963 3447 Ae·

66 3484 259 3570 lliopicorum
279 3489 448 3556 Heliodori
468 3492 614 3559 moliens.
660 3490 724 3558 Hic
747 3491 843 3557 nobis
871 3495 964 3572 plane
1025 3515 1028 3521 ¹

64 3617 132 3684 llll,
159 3612 248 3679 mitis
276 3610 444 3695 sapientia
467 3608 565 3685 Laeli
574 3628 587 3673 .·
619 3609 714 3691 cujus
742 3625 816 3672 cum
840 3608 969 3676 lenitate

67 3728 129 3791 tuus
148 3719 275 3802 fervor,
308 3717 421 3790 nescio
447 3723 636 3802 quomodo,
668 3721 877 3804 congruebat.
921 3724 975 3796 lna

10 3808 12 3893 ῗ
68 3840 139 3911 urs,
158 3854 267 3922 magna
292 3838 498 3914 voluntatum
526 3834 758 3917 consensione,
781 3838 970 3906 sodalitium

10 3944 30 4012 ’.
67 3940 231 4034 jluaimos,
255 3967 289 4021 et
319 3949 524 4019 sermonibus
544 3949 584 4015 de
608 3949 697 4018 omni
715 3947 896 4024 Liternum
917 3973 973 4038 ge-

65 4072 144 4161 uere,
165 4078 224 4141 tum
244 4083 325 4140 veto
341 4063 480 4132 lectione
502 4062 702 4148 Sophoclis,
724 4063 914 4155 Euripidis,
937 4081 970 4137 et
