2362 4936
236 524 536 625 ··rmmo11s
564 526 828 637 auronae
949 559 1016 637 xo

110 727 253 803 hocloco
272 719 535 807 respondendum
561 729 624 788 est.
675 719 759 789 Sunt
784 723 899 819 enim,
936 728 1019 815 qui,

106 845 218 915 etiamsi
244 839 423 909 concedant
449 836 602 909 urinum
635 836 778 922 Corpori
815 847 1021 935 superstitem

106 982 186 1044 esse,
207 975 306 1025 nmen
331 970 474 1023 statuant
493 972 564 1019 eum
590 955 635 1021 ita
653 956 694 1023 ad
719 955 851 1041 Corpus
874 977 945 1027 esse
967 960 1024 1031 td·

108 1082 263 1158 unctum,
282 1087 324 1138 ut
343 1071 414 1138 sine
428 1071 498 1157 ejus
513 1071 695 1154 adjumento
713 1069 777 1137 vim
797 1089 888 1137 suam
903 1091 1027 1163 exsere·

112 1205 299 1273 renequeet3
336 1188 420 1254 unde
445 1184 525 1253 effici
550 1204 622 1252 eum
647 1185 824 1267 spoliatum
849 1189 1017 1271 Corpore,

109 1307 193 1375 errori
212 1309 427 1373 instrumento
449 1316 482 1368 et
506 1303 708 1370 admonitore
725 1306 833 1385 vitae,
858 1305 1020 1375 actionem

110 1420 384 1505 conscientiamque
407 1419 572 1499 amittere,
596 1417 706 1485 lethali
736 1437 854 1503 sopore
880 1419 1014 1501 perfun-

112 1538 158 1620 di,
173 1556 203 1603 ac
214 1536 403 1621 sempiterno
416 1535 560 1619 lethargo
572 1534 784 1617 consopitum
795 1536 909 1619 jacere.
945 1537 1018 1604 Cu·

111 1654 305 1743 jusopioionis
321 1653 545 1720 testimonium
563 1651 603 1718 ab
620 1651 816 1735 experientia
835 1666 1005 1733 repetunt:

113 1770 217 1853 aepim
233 1771 314 1836 enim
332 1767 491 1835 Animum
510 1768 561 1834 vel
581 1767 657 1835 rivo
676 1766 826 1851 Corpore
842 1766 1018 1853 cogitatio.

118 1899 174 1948 nen
187 1900 215 1949 tc
230 1884 409 1949 memoriam
433 1880 601 1964 amittere,
623 1895 655 1948 et
672 1881 775 1949 veluti
801 1879 1013 1949 obbrutesce-

115 2012 158 2064 rer
174 2016 261 2082 oeque
280 2016 485 2084 repugnare,
508 2017 575 2081 quo
595 1997 702 2066 minus
726 1996 761 2063 io
784 1994 943 2080 ejusmodi
959 1996 1011 2065 in·

113 2122 188 2188 enine
203 2125 381 2208 languorem
406 2122 547 2203 incidat,
577 2139 646 2203 quo
682 2119 886 2188 conscientia
919 2121 1012 2191 omui

118 2252 360 2317 prouocarent,
382 2248 504 2311 certum
529 2236 598 2301 fieri
616 2233 773 2317 exemplis
791 2252 901 2301 eorum
912 2280 926 2316 ,
937 2235 1013 2321 ‚qui

118 2348 294 2421 rosulenti
313 2353 367 2419 uel
392 2350 592 2417 vehementer
616 2347 674 2413 icti
691 2366 730 2413 ex
746 2347 891 2430 deliquio
909 2349 949 2416 ad
974 2365 1011 2415 se

119 2466 254 2537 raditum.
292 2469 456 2551 Deniquel
469 2466 563 2565 etiam
579 2464 662 2531 illud
676 2461 833 2553 afferunt,
856 2464 1013 2534 neminem

60 2618 64 2691 l
114 2599 277 2667 uuqmmex
289 2600 396 2653 morte
409 2584 553 2652 inuitam
567 2581 791 2664 rediisse,qui
809 2583 848 2647 de
863 2582 903 2648 iis
913 2582 1009 2652 rebus

60 2694 64 2759 l
111 2719 175 2783 quae
192 2706 217 2772 ei
237 2722 369 2774 mortuo
390 2704 585 2799 obtigerint,
610 2721 713 2770 sanus
738 2703 866 2786 quidem
879 2721 911 2772 et
929 2722 1008 2788 pru-

108 2820 189 2903 dens,
205 2822 324 2906 aliquid
348 2822 525 2888 meminerit
542 2822 593 2888 vel
615 2821 782 2889 memoriae
800 2821 989 2905 prodiderit.

140 2934 166 3007 Ι.
185 2936 378 3025 ltprimum
404 2939 555 3021 quidem,
578 2953 615 3004 ut
633 2939 681 3007 nil
706 2938 850 3006 dicamus
877 2940 917 3006 de
937 2940 1004 3023 iis,

108 3050 157 3131 qui
166 3053 256 3123 dit'nto
268 3054 415 3123 consilio
423 3072 462 3120 ex
475 3069 577 3120 morte
592 3054 742 3121 advitam
757 3055 896 3121 revocati
905 3070 1002 3139 sunt,

105 3164 185 3235 delia
205 3188 310 3254 cote,
332 3170 392 3254 qui
409 3173 460 3238 vel
482 3169 624 3237 humano
646 3169 783 3237 artificio
809 3174 859 3236 vel
885 3186 1003 3254 sponte

102 3285 180 3353 dnm
196 3300 445 3373 recuperarunt,
469 3286 602 3352 firmiter
633 3300 772 3355 statuere
797 3286 896 3367 licet,
920 3288 1001 3355 Ani·

103 3417 171 3468 nun
188 3408 327 3474 nondum
354 3423 394 3469 ex
426 3402 574 3486 Corpore
594 3403 792 3484 excessisse,
819 3418 851 3469 ct
875 3419 1000 3473 motum

103 3518 256 3603 minoem,
279 3539 340 3588 seu
360 3520 514 3599 vitalem,
536 3538 602 3586 non
619 3522 845 3601 destructum,
868 3520 923 3586 sed
939 3522 999 3591 im·

104 3629 214 3708 peditum
226 3634 342 3702 fuisse.
369 3633 440 3720 Jam
458 3652 533 3699 vcro
547 3635 700 3716 quamdiu
716 3635 853 3702 Animus
870 3637 903 3703 in
914 3637 1000 3704 Cor.

105 3748 309 3830 Mbrbitat,
329 3748 453 3815 tamdiu
479 3746 544 3812 vim
564 3766 653 3814 suam
680 3749 772 3818 aliter
786 3740 928 3818 exserere
942 3771 999 3819 ne·

105 3858 173 3944 quit,
187 3868 247 3933 nisi
262 3885 320 3952 per
339 3869 423 3950 leges
440 3864 579 3932 fabricae
604 3866 703 3949 hujus
720 3864 892 3950 Corporis.
935 3868 1001 3934 Ita·

60 4002 62 4043 =
105 3992 153 4055 lle
168 3999 301 4051 anaante
322 3997 414 4049 motu
438 3982 582 4062 cerebri,
615 3979 765 4052 credibile
789 3995 839 4048 est
857 3984 1000 4049 animum

60 4054 64 4167 Ῐ
103 4088 498 4177 boructuarorum
525 4115 655 4187 torpore
677 4095 842 4187 perfundi.
887 4098 999 4184 Quum

951 4228 1005 4281 ve·
