2362 4936
222 535 309 607 no
353 530 772 642 mensuruus.
946 572 1001 649 ,t-

44 727 120 799 nire:
155 723 322 806 Platonis,
363 724 527 808 inquam:
562 745 658 811 quem
696 739 988 827 quotusquisque·

46 865 105 914 non
118 843 209 908 modo
227 840 448 925 discentium,
470 844 527 910 sed
550 845 759 932 docentium,
781 853 882 940 legit,
906 875 965 926 aut

49 963 73 1028 si
96 959 183 1026 forte
198 958 367 1042 inspexit,
391 975 461 1025 non
487 959 649 1030 continuo
665 963 842 1049 relinquit?
873 970 962 1042 Nam

48 1075 225 1142 discentium
257 1073 391 1155 quidem
425 1073 489 1141 iste
521 1057 644 1144 dudum
669 1094 718 1145 est
741 1100 839 1166 mos,
871 1102 908 1153 ut
934 1090 965 1156 sl

51 1210 160 1276 paucos
182 1189 330 1258 Graecos
355 1207 492 1274 uersus,
524 1212 645 1277 paucas
672 1196 806 1268 Latinas
832 1199 981 1290 Elegias¹

53 1306 222 1389 didicerint,
242 1308 309 1393 jam
336 1309 414 1376 lraec
438 1309 559 1392 ubique
583 1329 737 1398 crepent,
759 1317 890 1404 sibique
906 1324 966 1389 do.

55 1424 94 1489 cti
114 1423 284 1493 videantur.
329 1425 377 1491 At
402 1442 479 1492 uero
500 1424 577 1508 Tu,
599 1426 634 1493 in
659 1428 721 1496 hoc
735 1431 831 1498 etiam
847 1435 965 1505 similis

56 1537 196 1606 Platonici
212 1538 402 1622 Theaeteti,
424 1539 481 1612 slot
496 1546 600 1614 italo
616 1548 716 1629 ῥεῦμα
733 1551 874 1634 &domuel
890 1553 969 1635 llos·

62 1686 122 1740 roe,
142 1660 207 1725 sine
228 1658 392 1741 strepitu,
416 1656 620 1740 sinevento,
645 1661 726 1744 quid
743 1665 863 1749 scires,
886 1669 969 1752 quid

63 1778 204 1857 nescires,
235 1777 375 1860 ingenue
400 1794 477 1859 prae
506 1786 537 1842 te
566 1773 702 1846 ferebas.
758 1781 811 1847 En
839 1785 970 1865 quoin

66 1898 163 1980 primis
182 1898 342 1984 judicavi,
365 1894 417 1962 Te
440 1914 513 1963 vere
539 1916 556 1963 a
576 1896 712 1964 Platone
727 1915 858 1984 captum
877 1921 971 1987 esse,

70 2029 110 2093 et,
129 2034 161 2081 ut
178 2015 277 2098 ipsius
293 2013 441 2081 dictione
458 2027 550 2098 utar,
575 2016 628 2086 cdv
644 2021 800 2088 liddeum
816 2022 874 2099 ritu
897 2026 978 2102 ἄλη·
1020 2082 1024 2091 .

73 2134 100 2206 ii
113 2140 158 2203 cti
172 2135 313 2218 εἰλῆφθαι
332 2131 459 2212 λαβεῖν,
481 2130 646 2198 Platonem
664 2133 739 2199 veri
758 2131 808 2198 Te
823 2134 902 2201 ansd
918 2152 977 2217 ap·

80 2247 263 2329 prehendisse.
309 2244 410 2312 Hunc
429 2245 511 2312 enim
529 2248 586 2328 qui
611 2248 744 2332 legunt,
767 2249 976 2336 intelligunt,

86 2363 112 2429 iu
132 2366 247 2448 ejusque
268 2383 300 2431 se
328 2362 510 2430 doctrinam
537 2383 573 2429 ac
599 2381 771 2447 praecepta
789 2365 979 2451 insinuent,

80 2478 110 2545 lt·
121 2479 251 2562 proiecto
265 2480 401 2564 primam
420 2477 565 2544 omnium
594 2477 702 2561 legum
725 2478 788 2543 sibi
808 2482 983 2562 imponunt

74 2598 188 2677 tinuit
205 2598 334 2666 cmlv·
359 2594 436 2659 huic
454 2607 611 2676 perpetuo
628 2607 660 2659 et
679 2595 827 2661 volentes
845 2608 979 2678 parents

71 2714 153 2797 huius
174 2717 213 2780 ad
235 2715 411 2780 aduentum
435 2725 467 2776 et
491 2710 663 2794 imperium
683 2712 790 2777 onrnis
807 2730 846 2778 ex
867 2714 979 2811 animo

68 2834 220 2915 expellitur
237 2845 500 2914 expurgaturque
524 2829 672 2908 vanitas,
696 2828 901 2911 arrogantia,
925 2847 983 2896 su·

67 2949 174 3032 peruia.
225 2947 321 3016 Unde
350 2946 409 3026 iit,
442 2960 480 3010 ut
514 2924 762 3015 homincsvani
789 2962 822 3010 et
853 2944 984 3014 ventosi

67 3063 217 3132 Platonem
236 3083 297 3132 nec
322 3064 483 3147 diligant,
506 3081 564 3129 nec
592 3062 788 3147 intelligant.
836 3063 892 3130 Tu
909 3085 985 3148 pro·

67 3183 197 3264 positum
227 3183 289 3248 iter
317 3180 508 3264 ingressus,
528 3195 604 3243 cum
630 3177 664 3243 in
686 3195 770 3244 meas
796 3179 836 3244 de
850 3177 986 3247 Graecis

65 3295 174 3365 literis
193 3297 327 3364 scholas
348 3271 550 3376 ventitabas,
575 3308 643 3361 tum
669 3294 758 3361 domi
777 3295 904 3363 assidue
918 3298 989 3365 Pla·

64 3435 163 3486 toncm
190 3418 381 3499 tractabas3
414 3428 452 3482 ut
484 3413 579 3482 facile
609 3415 910 3499 animadverterem,
940 3415 991 3484 Te

61 3553 128 3601 eum
155 3535 188 3602 in
211 3534 281 3600 dies
303 3531 408 3615 magis
437 3544 469 3595 et
492 3529 624 3614 diligere
656 3542 688 3595 et
709 3529 897 3617 intelligere.
941 3532 991 3600 lta

65 3649 221 3718 biennium
246 3651 448 3716 traductum.
492 3645 615 3714 Interea
641 3650 762 3728 multa,
787 3667 869 3732 quae
885 3669 990 3719 recum

68 3784 202 3833 mearum
219 3778 345 3833 statum
374 3777 551 3829 multarentt
576 3763 659 3828 obiit
683 3761 919 3835 Ruhnkenius:
942 3764 995 3833 vel

67 3881 158 3963 hrtjus
183 3877 416 3958 necessitudo,
449 3882 500 3945 vel
531 3880 593 3944 mei
626 3875 687 3945 fati
712 3881 908 3962 necessitas,
940 3899 991 3950 ure

69 3993 198 4077 migrare
236 3994 441 4079 Lugdunum
474 3993 595 4078 coegit.
659 3993 714 4059 Tu
742 3997 846 4063 adhuc
874 4015 995 4065 annum

75 4108 305 4180 dorstelodami
333 4107 503 4193 mansisti,
532 4110 721 4178 inchoatum
744 4132 830 4200 opus
853 4133 996 4201 urgens,

546 4228 620 4298 Aa
943 4231 1020 4305 do·-
