2362 4936
143 656 236 735 ne
287 649 627 727 uomere
677 620 810 733 note
884 665 961 750 405·

86 859 225 912 tunam:
246 849 353 912 omnia
371 841 510 925 ejusdem
530 841 598 912 Dei
620 846 750 911 aomina
771 857 866 929 suut,
878 824 950 916 ra·

86 963 212 1028 utentis
236 981 296 1028 sua
318 973 492 1049 potestate.
543 959 682 1050 Quaest.
711 960 861 1027 Natural.
886 964 945 1042 11,
992 972 995 980 '

98 1077 156 1142 Ne
179 1076 239 1142 hoc
267 1075 393 1165 quidem
422 1072 656 1156 crediderumt,
677 1072 794 1158 Jooea
819 1071 951 1162 qualem

86 1189 248 1291 Capitolio
271 1167 307 1255 'et
333 1194 449 1256 ceteris
474 1188 603 1255 aedibus
629 1188 784 1271 eclimus,
815 1192 955 1254 mittere¹

86 1327 114 1371 su
127 1302 305 1389 solmiac,
326 1303 384 1371 sed
406 1302 546 1370 eumdem
569 1325 661 1393 quem
687 1324 741 1369 roos
758 1303 875 1389 Jotem
896 1304 950 1368 iu·

86 1426 193 1507 [gurm
223 1420 384 1487 custodem
419 1430 637 1507 rectoremque
667 1419 842 1499 uniuersi,
874 1417 951 1483 oot-

86 1552 168 1611 mae
181 1534 356 1621 spiritum,
375 1532 532 1600 muudoai
550 1535 647 1618 hujus
666 1534 770 1620 aperis
786 1532 949 1599 dominum

86 1625 259 1730 artificem,
290 1651 345 1714 eui
368 1669 478 1715 nomen
504 1670 592 1715 omme
612 1652 772 1718 contenit.
826 1624 884 1712 Vos
907 1645 952 1712 tt·

86 1786 89 1821 s
98 1762 217 1848 satum
232 1767 378 1832 uocare?
400 1762 478 1829 Non
495 1754 717 1829 errabtss'hic
736 1773 806 1843 est,
830 1779 871 1826 coc
887 1778 950 1847 quo

86 1894 174 1974 >casa
195 1892 272 1944 sunt
292 1881 421 1960 omnia,
442 1897 559 1945 caussa
580 1897 781 1948 caussarum.
827 1877 886 1945 Vis
909 1873 953 1971 il·
1032 1859 1034 1864 ’

86 1970 357 2062 {tractantiam
380 1992 517 2062 dicere?
547 1992 647 2059 Recte
668 1992 773 2059 dices:
795 2005 842 2058 cst
865 1995 952 2056 euim

86 2125 114 2173 ts
134 2107 266 2173 consilio
290 2109 365 2173 huic
392 2109 515 2176 Mundo
527 2106 750 2197 providetur,
780 2120 819 2172 ut
842 2109 951 2172 incoa-

86 2240 112 2286 ss
130 2233 209 2303 eat,
232 2233 263 2286 et
282 2236 375 2289 octus
400 2243 469 2288 suos
487 2223 640 2310 explicet.
683 2222 740 2290 Vis
763 2223 857 2289 ilium
874 2221 952 2289 No·

86 2356 134 2403 am
161 2341 309 2404 uocare?
338 2336 418 2403 Non
440 2337 609 2423 peccabis:
640 2351 686 2403 est
712 2341 795 2402 enim
825 2356 867 2404 ea
889 2356 951 2425 quo

86 2466 199 2519 cruat
216 2436 346 2532 omnia,
368 2443 459 2532 cujus
484 2455 606 2542 spiritu
631 2454 780 2523 vivimus.
825 2452 884 2521 Vis
907 2453 951 2527 ii·

111 2587 233 2638 vocare
268 2567 458 2635 Mundum?
496 2568 574 2632 Nou
590 2567 750 2652 falleris:
778 2572 844 2656 ipse
866 2569 951 2634 euim

86 2698 192 2751 tetum
208 2682 293 2770 quod
308 2682 424 2764 rides,
446 2694 530 2749 totus
551 2685 616 2748 suis
631 2683 784 2771 portibus
803 2677 951 2764 irretitus,

86 2816 108 2864 'e
121 2802 281 2865 sustinens
296 2802 331 2869 ri
349 2819 420 2866 suu.
456 2798 555 2865 -Idem
582 2798 735 2866 Etruscis
757 2821 880 2888 quoque
900 2803 953 2869 ri.

86 2927 179 2981 sesto
202 2927 233 2980 et
257 2915 327 2981 ideo
343 2916 493 2998 fulmina
516 2939 539 2984 a
561 2915 647 3002 Jme
663 2921 751 2986 mitti
768 2918 947 3002 disserunt,

86 3030 276 3097 comitto
302 3029 388 3097 nihii
413 3037 580 3118 guitur.-
604 3031 720 3116 Neque
744 3034 849 3101 minus
870 3043 949 3099 sunt

86 3141 302 3235 egisejusdeus
327 3146 389 3211 alia
412 3147 624 3230 testimonia,
650 3168 730 3231 quae
752 3167 790 3215 ex
808 3145 945 3231 perditis

86 3274 100 3323 o
136 3255 229 3323 libris
269 3259 409 3325 servavit
446 3261 637 3329 Lactantius
662 3264 807 3331 lnotitut.
835 3264 872 3346 1,
901 3286 947 3352 5,

120 3369 280 3439 Annaeus
295 3391 417 3460 quoque
434 3374 569 3457 Seneca,
584 3382 643 3464 qui
659 3398 700 3443 coo
717 3374 873 3443 Romanis
894 3378 951 3447 tel

86 3489 206 3552 rrimus
241 3486 367 3552 Stoicus
392 3483 499 3570 fuit,
542 3511 640 3576 quom
672 3509 764 3578 saepe
792 3510 950 3561 summum

86 3620 130 3666 om
158 3603 280 3666 merita
297 3600 394 3666 tacte
405 3607 625 3691 prosequitur.
680 3606 772 3673 Nom
791 3630 888 3697 quum
907 3610 950 3677 dr

86 3730 208 3784 satura
240 3734 343 3784 morte
370 3718 563 3805 dissereret,
610 3767 632 3806 „
661 3723 740 3791 Nom
765 3727 951 3815 intelligis,

86 3840 203 3927 equit,
224 3839 453 3902 auctoritatem
468 3859 509 3904 ae
526 3839 727 3924 majestatem
733 3841 860 3925 judicis
876 3848 951 3925 tui,

86 3953 209 4020 tctoris
235 3952 320 4017 orbis
348 3965 517 4020 terrorum
550 3954 714 4043 coelique,
743 3971 775 4021 et
801 3957 951 4022 Deorum

86 4072 211 4137 aonium
233 4070 319 4151 Dei,
341 4091 363 4136 a
384 4091 447 4160 quo
463 4073 530 4138 ista
548 4075 684 4139 numina
700 4121 713 4157 ,
737 4093 820 4160 quoe
835 4075 948 4157 singu-

86 4206 104 4266 ,τ
128 4183 306 4257 adoramus
322 4199 353 4252 ct
369 4189 524 4273 colimus,
546 4207 696 4278 suspensa
712 4188 824 4262 suatJ'
865 4188 953 4258 Item

518 4305 625 4401 093
917 4309 956 4379 io
