2362 4936
157 622 223 705 nr
244 614 642 703 mnottmtraar
664 570 819 706 tumr
886 618 952 722 tsi
1038 646 1040 649 ·

74 835 140 892 men
162 836 312 902 moveat,
334 820 456 905 cogitet
480 828 577 902 quarn
605 819 743 903 graviter
760 835 792 886 et
814 819 898 887 aerio
916 818 949 887 ln
968 809 1112 913 sectilia

74 943 165 1006 adem
194 938 335 1004 nominis
361 937 473 1002 libello
498 935 709 1018 disputaverit
735 925 873 1004 Ciceros
903 948 953 1002 at·
968 900 1073 954 Μή

74 1056 134 1121 esi
153 1054 321 1137 diligenter
339 1067 438 1117 totam
464 1046 634 1131 Epistulae
651 1051 804 1118 rationem
825 1052 956 1135 indage·-

74 1191 123 1250 ts,
156 1168 350 1251 repenemua
378 1162 532 1230 Senecam
555 1165 786 1249 cogitationem
815 1163 955 1239 >immor-

77 1287 165 1352 itatis
197 1280 360 1347 somnium
389 1293 504 1345 vocare
533 1278 699 1360 potuisse,
730 1279 864 1348 etlamsi·
886 1289 957 1346 eam

74 1419 94 1466 n
114 1415 226 1464 vanam
246 1407 278 1460 et
295 1393 419 1460 inanem
438 1391 645 1476 reputaverit.
681 1392 830 1474 Deinde,
852 1381 970 1478 quum*

79 1561 92 1596 ,
117 1513 206 1578 viros
221 1517 355 1593 magnos
374 1515 446 1575 r'em·
456 1510 668 1592 gratissimam
685 1511 871 1591 promittere
887 1515 957 1578 tuata

74 1645 195 1708 squam
223 1624 381 1709 probare,
413 1635 480 1690 non
503 1623 637 1691 Stoicos
664 1636 744 1690 suos
771 1623 951 1711 significat,

74 1741 110 1809 td
136 1750 221 1824 quos
254 1738 483 1806 immortalitas
511 1737 704 1804 Animorum
736 1756 813 1806 nou¹
838 1733 957 1806 sunm«

74 1857 124 1924 nti
160 1856 216 1921 sed
252 1855 444 1921 consectarii
485 1853 596 1919 locum
636 1850 804 1935 habebat,
833 1855 961 1938 quique

74 1986 194 2055 >pterea
213 1973 246 2035 in
264 1972 300 2035 el
318 1970 565 2036 demonstrandi
584 1971 704 2038 nullam
731 1948 796 2037 fere
824 1981 956 2056 operam

74 2087 218 2156 nebant:
252 2087 342 2170 quod
386 2100 507 2162 contra¹
535 2101 598 2151 etat
634 2087 720 2170 apud
746 2083 956 2171 Platonicos,

74 2225 117 2273 os
133 2205 197 2270 hoc
217 2206 292 2269 ioco
311 2202 473 2286 significat
490 2197 627 2270 Seneca:
653 2202 732 2285 qul,
756 2214 956 2287 quamquam

74 2323 215 2390 ttentiatn
242 2319 388 2386 Platonis
417 2322 456 2386 de
481 2320 674 2387 Animorum
699 2335 776 2404 post
799 2321 891 2388 itanc
907 2319 959 2387 vi*
1071 2332 1075 2349 ·

74 2459 87 2504 t
126 2451 213 2503 statu
249 2435 387 2501 subinde
419 2450 583 2518 secutus,
615 2438 809 2522 argumentis
847 2451 955 2507 tamen

74 2555 164 2622 isdem
193 2569 354 2637 nusquam
381 2570 464 2622 usus
500 2567 561 2620 est.»
615 2552 714 2638 Quod
746 2554 827 2620 idem
859 2557 958 2626 eriani

74 2689 106 2736 tc
127 2670 341 2754 intelligitur,
365 2671 455 2753 quod
472 2670 506 2736 iti
527 2672 663 2737 exordio
680 2668 958 2738 Immortalitatem

74 2802 121 2854 eat
145 2806 212 2855 non
239 2789 336 2854 modo
361 2790 612 2870 damnitatem,
645 2777 702 2856 sed
727 2789 819 2855 etiam
839 2805 960 2876 postera

74 2915 143 2968 nem
168 2899 266 2971 totius
293 2905 388 2970 aeni:
417 2904 452 2972 in
476 2920 649 2991 progressu
675 2911 754 2974 veto
785 2902 960 2988 Epistulae

74 3033 151 3083 itum
179 3018 420 3086 Aeternitatcm
446 3035 564 3102 vocat,
598 3037 630 3087 er
656 3020 841 3086 Stoicorum
868 3027 959 3088 mord

74 3131 173 3200 tserit.
216 3130 282 3199 lam
301 3153 376 3200 vero
389 3133 632 3201 Platonicorum
659 3114 888 3202 immortalitas
906 3142 959 3202 est

76 3247 194 3314 emitas
217 3262 300 3332 quae
323 3248 450 3316 nulium
485 3240 579 3315 finem
608 3248 721 3315 habeat
745 3263 776 3313 et
802 3247 836 3314 in
860 3259 962 3316 omno

74 3365 274 3431 rumdutetl
301 3351 829 3446 Stoicorumverolmmortt'iitas,
842 3375 966 3447 quam*-

78 3497 127 3545 am
145 3496 177 3546 et
202 3480 264 3564 ipsi
290 3498 357 3545 eam
388 3478 598 3548 Aeternitatis
621 3481 752 3546 nomine
771 3482 957 3566 appellent,

74 3609 92 3659 n
121 3607 225 3660 tamen
254 3596 335 3660 ultra
361 3583 642 3680 conflagrationem
669 3592 787 3663 Mundi
813 3595 960 3664 extendis

74 3727 93 3776 t.
137 3708 285 3790 Denique
310 3711 391 3794 ipsis
419 3711 485 3778 iliis
509 3711 637 3791 verbis,
673 3714 861 3794 „somnium
881 3724 959 3802 pere
1001 3738 1005 3746 ·

74 3823 99 3889 ii
114 3823 202 3910 quod
215 3821 397 3911 redimam,
419 3832 449 3892 ti
466 3837 497 3889 te
517 3828 686 3909 dimisero,
711 3848 751 3894 ac
778 3814 957 3918 repetant''

74 3937 145 4002 [erte
186 3936 376 4021 significat,
415 3959 450 4007 se
488 3941 546 4006 hae
584 3942 656 4025 ipsa
696 3941 849 4025 Epistola
892 3943 957 4011 hoo

74 4051 193 4116 mnium
221 4070 287 4118 non
317 4072 451 4127 narrate.
497 4057 592 4124 Unde
620 4057 792 4124 manifesto
822 4052 959 4123 confici*

74 4187 107 4254 r,
130 4183 204 4237 eum
224 4168 389 4237 Somnium
414 4171 594 4256 appellasse
616 4186 684 4241 non
707 4171 957 4260 descriptionem

508 4282 610 4360 Tra
869 4276 961 4358 aoi-
1045 4289 1047 4293 ’
