2362 4936
205 144 248 223 94
323 113 675 196 Pronnoonnrts
697 140 745 184 ss
768 111 991 186 nntttonn

205 315 328 393 dcent.
364 312 410 381 Et
431 327 581 380 normam
608 307 804 392 magistros,
831 305 889 389 qui
914 309 963 374 sic
987 306 1138 407 fictitiis

202 450 299 509 eutr:
317 446 348 499 et
364 431 531 517 meipsum
543 428 640 496 semel
654 426 772 494 fecisse
786 427 1008 499 meminerant
1026 430 1141 515 noque

205 549 383 638 quidquam
405 542 586 626 discipulos
613 543 652 609 ad
673 539 913 609 delectationem
943 543 1140 632 dialogique

201 667 413 756 iutegritatem
436 663 642 730 desiderasse.

207 830 213 841 ·
246 787 311 853 Est
325 785 407 852 enim
435 785 498 849 hoc
521 780 700 848 Phaedonis
725 793 885 863 tamquam
915 778 994 865 iter3
1018 796 1057 849 ut
1077 784 1142 850 itt·

201 902 325 971 troitus
342 918 374 969 et
390 900 495 968 exitus
513 899 579 971 sint
598 898 790 967 narrationis
807 899 900 981 quasi
925 918 1060 967 amoene
1080 895 1145 971 vi·

201 1008 296 1086 uetat
318 1013 477 1094 medium,
499 1012 683 1079 dialecticae
699 1012 800 1078 veluti
812 1013 999 1095 dumetum,
1019 1023 1148 1085 neces*

201 1130 321 1211 sarium
341 1130 467 1213 quidem
488 1129 593 1208 illud,
615 1145 673 1194 nee
691 1146 824 1211 prorsus
842 1129 1080 1221 tenebricosum
1095 1134 1139 1200 et

95 1314 98 1321 ,
201 1245 417 1329 impervium,
440 1245 496 1311 sed
512 1262 581 1310 turo
597 1263 634 1309 ae
650 1244 810 1310 sublustri
836 1260 869 1311 et
890 1245 1012 1312 lumine
1030 1251 1136 1317 inter·

200 1382 374 1448 npersum,
397 1378 429 1428 ct
454 1366 577 1428 tramite
599 1360 817 1443 patefactumt
840 1375 873 1427 at
897 1362 1064 1431 dumetum
1082 1376 1131 1432 tet

178 1476 446 1563 'nescioquo
471 1480 641 1545 verendum
666 1493 773 1558 esset,
804 1495 844 1542 ne
870 1478 993 1546 tirones
1020 1486 1127 1549 reruni

201 1596 403 1665 ubscuritate
421 1615 458 1662 ac
485 1592 715 1676 disputationis
737 1592 916 1659 subtilitate
938 1591 1125 1681 defatigati,

201 1713 333 1781 sebolas
355 1713 541 1778 desererent.
587 1706 692 1793 Quem
719 1723 838 1773 metum
861 1708 999 1793 augebat
1020 1710 1123 1794 ipsius

198 1830 382 1910 exemplum
405 1824 572 1906 Platonis,
601 1826 656 1891 cui
682 1826 757 1896 hoc,
773 1824 956 1907 accidisse,
985 1826 1123 1912 legimus

199 1944 289 2026 apud
309 1943 486 2028 Diogenem
510 1940 673 2009 Laenium
696 1940 769 2022 lll,
796 1954 859 2026 37,
882 1957 940 2024 ut,
962 1941 1122 2028 dialogum

198 2054 398 2127 Phaedonem
417 2059 451 2125 in
469 2058 629 2127 auditorio
648 2057 808 2136 recitans,
825 2058 919 2123 aolus
931 2060 1124 2140 tutoquerea

199 2186 278 2254 tur,
300 2173 452 2239 omnibus
464 2173 614 2253 deinceps
629 2172 845 2253 abeuntibus,
869 2192 935 2243 utto
948 2173 1123 2243 Anetotete·

198 2302 348 2371 excepto.
392 2287 456 2353 Sed
480 2289 519 2351 ad
545 2288 639 2355 istam
657 2289 924 2372 compendiariam
958 2291 1123 2374 epitomen

198 2403 378 2485 quominus
402 2419 489 2468 nunc
504 2403 721 2469 descenderem
741 2403 846 2471 effecit
866 2406 1028 2488 reputatio
1053 2423 1124 2479 stu·

63 2595 67 2603 .
199 2517 246 2584 dii
270 2517 499 2600 facultatisque
521 2520 746 2601 plerorumque
773 2520 1035 2605 discipulorum,
1064 2521 1123 2619 qui

197 2647 387 2703 constantes
403 2647 434 2699 et
450 2635 649 2716 permansuri
666 2633 868 2718 viderentur;
893 2655 1049 2719 quosque
1062 2638 1123 2709 illu

196 2751 399 2836 cognitionis
421 2765 454 2816 et
477 2751 582 2818 laudis
604 2748 714 2816 fructu
740 2751 937 2834 defraudari,
968 2755 1120 2838 iniquum

200 2882 307 2949 esset3
332 2870 454 2952 quippe
469 2869 504 2935 in
523 2869 677 2953 epitomes
692 2869 866 2950 facilitate,
883 2872 1123 2941 remanentibus

195 2982 617 3069 omnibus,praestantium
628 2984 698 3050 laus
717 2998 749 3050 et
763 2984 944 3050 constantia
961 2997 1029 3051 nou
1046 2986 1146 3052 emta*

196 3102 345 3168 uuisset:
369 3117 402 3167 at
417 3101 521 3166 eadem
545 3099 597 3167 his
620 3099 743 3185 integra
767 3100 973 3182 servabatur,
998 3106 1124 3171 servate

195 3215 276 3281 libri
289 3217 486 3300 integritate:
505 3231 537 3282 et
553 3230 618 3282 erat
634 3216 710 3285 baec
731 3217 824 3299 quasi
837 3216 974 3285 obrussa
991 3215 1121 3297 futura,

201 3352 288 3418 qua,
309 3351 346 3401 ut
368 3336 460 3417 auri,
476 3336 524 3401 sic
542 3336 661 3420 ingenii
683 3337 831 3420 probitas
851 3348 1120 3422 cognosceretur,

195 3465 254 3533 et,
277 3465 313 3519 ut
328 3449 634 3550 Homericedicam,
657 3455 750 3537 quasi
768 3457 883 3541 nixos,
905 3453 1121 3539 islandus?

194 3565 295 3650 &mit
312 3564 471 3634 italiam
486 3568 609 3650 diripuit·
649 3569 738 3638 'Eri'
752 3569 770 3638 ὅ
778 3616 790 3651 ,
812 3597 846 3639 τε
865 3574 960 3647 ieritis
977 3575 1070 3654 ticin,
1085 3568 1121 3647 36

201 3679 235 3752 r’
249 3681 379 3766 ἄλκιμος
392 3681 576 3768 ἐξεφαάνθη·
596 3701 701 3769 neque
713 3686 953 3772 proponebatur
967 3690 1039 3768 'tn
1053 3692 1122 3773 pon

1081 3825 1122 3890 prr
