2362 4936
100 586 171 692 ,io
324 550 791 666 utsiursuto
917 540 926 553 ’

105 784 228 854 lierlter
250 779 297 861 {de
327 779 392 846 hoe
418 779 495 846 loco
518 775 678 860 disputari
705 774 883 853 voluistiss
917 793 982 847 ete

106 894 156 969 iis
175 917 226 965 me
239 909 362 964 vestroe
375 891 537 960 uoluntati
561 890 809 964 satisfacturum
838 910 982 988 spero,s

108 1012 200 1082 fecto
223 1011 318 1078 initio
343 1007 385 1075 sb
409 1005 648 1089 antiquissimis
675 1005 906 1093 Graecorum,
933 1009 982 1094 huj

108 1124 222 1213 pirciti
238 1121 342 1190 veluti
365 1121 532 1221 historiam
555 1140 613 1206 per
633 1121 739 1203 varias
756 1122 982 1207 philosophum

108 1239 251 1314 familias
288 1222 395 1318 usque
424 1237 465 1304 sd
491 1235 665 1304 recentiora
694 1249 843 1320 tempore
866 1237 982 1307 deducar

107 1351 266 1439 coguitis
287 1349 372 1429 enim
395 1350 565 1417 sententiis
592 1349 662 1436 eius
680 1351 811 1436 gentis,
834 1369 916 1451 quse
928 1352 982 1436 plu

111 1468 186 1537 uos
206 1465 286 1534 feeit
319 1464 355 1531 in
378 1462 589 1548 Philosophia
616 1484 837 1551 progressus,
857 1465 982 1534 {selles

112 1583 369 1676 dereliqusrum
392 1579 535 1666 gentium
558 1579 773 1663 opinionibus
796 1581 982 1663 existimus¹

155 1686 210 1765 Ex
240 1690 374 1763 numero
399 1708 539 1777 eorum,
571 1711 710 1778 quorum
744 1686 870 1783 ¹scripte
892 1715 982 1765 cumn

111 1802 280 1881 morentur
310 1827 329 1874 e
362 1806 526 1892 posteris,
557 1825 653 1877 nemo
686 1822 736 1876 est
770 1810 936 1896 antiquior
962 1833 982 1879 o

113 1920 258 2006 duro,
289 1921 347 2007 qui
372 1919 607 2007 Mpsrertorum
634 1922 789 1999 r-stlonem
816 1925 980 1997 Grseeist

116 2038 240 2109 didisse
253 2052 286 2105 et
299 2032 447 2105 'versibus
465 2028 507 2104 rd'
519 2037 739 2133 posteritatem
763 2037 982 2128 proprgsrsel

118 2170 191 2222 tur.
232 2152 341 2221 Petres
363 2150 491 2236 quidem
508 2140 752 2236 Ecclesiastici,
775 2172 863 2239 quos
876 2154 911 2224 in
927 2172 982 2240 repr

32 2294 39 2305 ·
111 2269 276 2337 lrendends
302 2264 499 2337 Graecorum
526 2267 727 2353 Theologie,
751 2287 849 2350 nemo
868 2268 982 2338 feciler

116 2364 201 2453 mise
223 2383 366 2452 leuitstis
382 2401 533 2451 sccusere
549 2385 677 2467 possit,
699 2383 829 2473 aliquot
846 2384 982 2453 versus<

114 2502 235 2587 phicos
254 2513 454 2580 memorant,
477 2496 600 2581 quibus
616 2496 732 2564 diserte
744 2501 931 2569 enuntiatur
944 2502 982 2568 Ur

114 2633 187 2682 csse
210 2616 321 2681 Deus:
344 2612 444 2678 veluti
466 2611 523 2690 Ele
549 2614 619 2684 ἐπ’
638 2617 827 2698 aircyruic·
848 2618 909 2696 ivis
926 2616 982 2699 tm

113 2733 220 2801 rant
243 2730 389 2797 rieures.
416 2724 483 2808 'qui
509 2739 559 2794 est
591 2730 679 2811 spud
710 2728 877 2815 Justinum
896 2732 982 2811 ΜΛ

115 2845 204 2910 hort.
229 2862 266 2925 p.
286 2855 342 2923 ις.
360 2839 405 2906 D.
427 2852 460 2904 et
483 2841 656 2936 plerosque
686 2858 822 2913 ceteros.
875 2847 969 2927 Alios

114 2958 245 3028 crudem
281 2952 470 3021 sententium
497 2974 612 3023 versus
636 2973 674 3024 ex
697 2957 848 3029 Patribus
873 2963 982 3031 collect

114 3066 212 3141 e'didit
249 3068 417 3138 Gesnerus
452 3068 485 3138 iu
516 3070 715 3154 Fragmentis
744 3071 923 3158 Orphlelss
951 3098 982 3162 qt

116 3186 245 3272 quidem
263 3203 376 3255 omues
400 3184 441 3252 iis
457 3185 674 3269 remittimus,
698 3187 819 3273 quippe
834 3192 922 3272 haud
938 3193 982 3261 dul

114 3301 285 3388 profectos
324 3319 364 3368 ex
397 3301 451 3385 pie
484 3302 745 3372 Christianorum
780 3304 904 3389 lisude.
958 3305 982 3372 H

114 3424 217 3486 tinum
233 3418 409 3499 volumus,
431 3417 492 3484 hos
507 3436 642 3501 tersus,
665 3428 860 3514 quamquam
878 3421 982 3507 spurio

113 3534 155 3600 eb
196 3532 340 3617 Orphlcr
372 3534 518 3600 doctrine
558 3552 625 3601 nou
660 3535 842 3618 abhorrere,
893 3538 982 3608 Primi

117 3647 207 3732 quod
227 3637 267 3713 ne
290 3646 397 3714 Patres
415 3649 547 3730 quidem
570 3651 611 3715 iis
630 3650 681 3718 usi
698 3667 829 3735 essent,
852 3654 881 3722 si
898 3674 948 3723 res
963 3656 982 3740 ip

115 3754 157 3829 e't
174 3759 257 3828 rstio
283 3778 340 3826 eos
365 3761 556 3844 repudiaret.
611 3764 734 3833 Deinde
756 3760 848 3849 q'uod
875 3771 982 3847 sliihr

118 3874 292 3945 dissimiles
305 3893 421 3942 uersus
447 3896 465 3944 s
490 3879 685 3946 certioribus
708 3881 881 3961 laudantur
898 3886 982 3972 scrip

113 3993 227 4066 ribusr
259 4008 294 4058 v.
320 4008 355 4059 c.
390 4003 502 4059 ructor
534 3993 608 4060 libri
626 3995 677 4074 ide
706 3997 860 4082 Mundo,
891 4003 967 4086 qui,

114 4118 188 4192 eon
211 4120 263 4178 est
284 4106 503 4196 Aristoteles,
524 4110 570 4181 lte
594 4111 674 4179 esdr
702 4125 753 4185 err
781 4116 982 4205 merquupg‘
