2362 4936
189 582 265 655 ss·
444 566 842 646 'motatore

191 766 315 837 betium
338 758 375 832 in
389 758 551 846 Topicis,
575 779 613 828 tt
638 758 705 828 Sed
717 780 741 826 a
757 760 852 828 libris
880 759 1157 847 (Aristotelis)¹

191 894 224 948 te
241 878 418 946 obscuritas
437 874 566 957 reiecit.
612 872 657 941 Et
682 892 787 957 quum
814 875 853 942 de
877 874 954 957 his,
978 895 1062 959 quae
1086 882 1156 946 ad·

190 1010 256 1065 not
275 1001 516 1069 servantum,
539 986 759 1055 Aristotelicis
779 987 914 1070 scriptis
931 986 1142 1057 dissentiant.

191 1107 342 1179 homines
366 1106 480 1186 docti,
516 1123 599 1187 quae
622 1103 689 1171 sint
712 1104 833 1188 scripta
855 1106 889 1170 in
912 1107 1152 1175 tcroamoticm

196 1239 310 1311 genere
330 1220 509 1302 censenda,
533 1238 615 1304 quoe
637 1220 675 1287 in
688 1221 871 1303 exoteric03
895 1222 1005 1288 minus
1023 1223 1132 1289 incer·

194 1355 252 1408 tus
278 1339 339 1404 erit
372 1355 492 1406 census
522 1338 701 1405 secundum
731 1335 1024 1420 perspicuitatem:
1059 1357 1134 1420 quo

195 1463 325 1547 quidem
343 1478 444 1527 censu
477 1460 630 1542 pleraque
647 1458 768 1543 scripte
784 1460 818 1526 ln
839 1479 951 1544 genere
966 1481 1134 1533 acroama.

195 1584 264 1648 tico
289 1581 341 1647 vel
367 1548 650 1664 hypomnemotico
675 1592 770 1642 erunt
802 1577 958 1647 habenda.
1011 1579 1135 1663 Neque

197 1698 332 1766 dubium
361 1710 429 1777 est,
470 1693 549 1777 quin
575 1692 850 1779 hypomnematici
880 1695 1005 1779 generis
1028 1698 1136 1783 major

199 1808 294 1881 etiem
316 1809 416 1878 fuerit
436 1809 641 1891 obscuritas3
666 1813 695 1874 sl
713 1809 840 1892 quidem
858 1811 922 1876 hoc
938 1829 1041 1896 genus
1070 1831 1137 1880 nee

197 1930 241 1999 ab
256 1929 353 1996 initio
370 1929 410 1994 ad
427 1925 600 1992 editionem
619 1939 650 1990 et
668 1925 929 2010 perspicuitatem
946 1927 1135 1998 corforme-

196 2050 268 2111 tt'rm
294 2040 336 2109 ab
364 2040 563 2123 Aristotele,
595 2037 708 2105 dmnde
734 2058 808 2105 cnm
834 2040 931 2125 huius
958 2061 995 2108 ac
1017 2043 1139 2114 Theo·

199 2159 326 2246 plorasti
343 2157 436 2224 libris
460 2158 494 2224 iu
513 2158 610 2224 lisiae
635 2158 715 2224 urbe
740 2158 863 2240 Scepso
882 2159 949 2226 sltu
965 2180 1001 2227 ac
1021 2181 1137 2246 putro-

199 2281 276 2349 dine
288 2292 502 2362 eotruptum,
524 2279 574 2344 ita·
585 2279 755 2362 Athenas,
774 2280 850 2346 inde
864 2280 1000 2347 Romam
1018 2285 1133 2354 venite

198 2398 313 2481 iliique
336 2393 475 2479 primum
499 2393 621 2460 editum
643 2408 693 2460 est
719 2410 759 2461 ex
782 2395 893 2460 locetis
921 2394 995 2461 istis
1013 2416 1050 2463 ac
1077 2399 1134 2464 de-

124 2548 127 2555 ·
199 2513 286 2584 r'osis
314 2508 553 2577 voluminibus.
605 2506 764 2589 Equidem
790 2508 824 2573 in
850 2507 1152 2591 hypotunematico·

200 2647 315 2718 gcnete
347 2643 481 2709 quoque
511 2640 656 2690 censetm
684 2624 854 2705 libellum,
887 2625 945 2707 qui
972 2626 1139 2712 hodieque

200 2745 329 2826 eistat,
361 2741 402 2809 de
427 2740 583 2824 Poe'tr'oa,
620 2740 809 2806 inchoatum
831 2741 921 2806 illum
942 2743 980 2809 sd
1002 2747 1138 2814 modum

201 2858 445 2941 commentarii,
467 2871 580 2941 postea
600 2854 708 2922 tribus
728 2855 822 2923 libris
849 2860 916 2944 rupi
940 2870 1069 2940 ποιητῶν
1093 2865 1136 2930 ab

202 2985 382 3055 Aristotele
408 2980 633 3064 conscriptum
659 2996 691 3047 et
710 2981 854 3066 editum,
878 3003 966 3052 nunc
983 2988 1135 3070 perditis.

202 3093 270 3173 ecl·
300 3101 341 3168 de
373 3099 437 3166 ists
469 3098 649 3165 calamitate
677 3098 835 3166 librorum
875 3101 1063 3171 Aristotelis
1098 3129 1137 3177 ae

203 3210 447 3298 Theophrasti,
469 3213 632 3281 luculenta
650 3227 779 3282 exstant
797 3216 981 3284 testimonio
999 3221 1137 3292 Strabo.

204 3335 258 3402 nis
283 3328 384 3412 XIV,
406 3349 441 3412 p.
462 3333 548 3412 906,
570 3343 602 3396 et
623 3329 789 3398 Plutarchi
806 3330 840 3399 in
857 3330 968 3417 Sulla,
991 3355 1026 3420 p.
1044 3340 1109 3424 468
1122 3346 1148 3426 ‚⁴

205 3442 254 3516 B':
280 3466 337 3515 nec
361 3449 457 3530 plura
480 3445 584 3512 dicere
604 3444 732 3513 attinet.
775 3447 862 3516 Illud
881 3469 948 3517 non
973 3469 1022 3520 est
1045 3467 1146 3539 prae:

204 3566 420 3643 urcundum,
441 3561 793 3659 librosllristotelicos
811 3585 847 3632 ac
868 3565 1136 3654 Theophrasleos

204 3698 263 3766 per
290 3678 376 3743 illam
405 3675 530 3742 Romae
553 3674 670 3745 factum
695 3680 866 3747 editionem
889 3685 953 3770 joni
982 3687 1139 3759 Ciceroni

203 3796 341 3882 ejusque
362 3793 549 3876 aequalibus
567 3793 772 3863 innotuisse:
798 3816 834 3865 ae
853 3800 966 3868 deinde
980 3801 1136 3889 frequen·

206 3920 293 3976 mtos
316 3905 444 3988 fuisse,
466 3909 645 3975 eroteticos
673 3911 801 3993 quidem
830 3932 933 3996 usque
954 3920 996 3983 ad
1011 3923 1139 3990 etrstin.¹

176 3999 178 4003 Ι
207 4034 260 4092 ctu
289 4023 405 4089 vetetis
439 4008 667 4106 philosophiae
699 4026 808 4094 studia
836 4028 934 4113 jussu
959 4032 1141 4114 Justhnant

208 4139 383 4239 Caeneum,
400 4157 436 4209 ae
457 4138 628 4226 deinceps:
648 4143 879 4212 acroamaticos
898 4130 990 4216 etiam
1008 4148 1140 4218 diutius

623 4276 631 4287 ·
1079 4287 1141 4357 per
