2362 4936
96 567 165 656 „s
331 540 859 631 nrsnunsntoz

106 746 288 820 messario
307 744 461 809 existens.
506 731 634 800 Nititur
650 750 729 802 vero
745 736 826 806 haec
840 755 908 824 argu

106 867 157 933 tio
178 860 387 944 ambiguitate
401 845 496 921 nocie
513 853 734 933 necessarius,
758 866 860 936 atque
876 876 908 924 ac

108 985 253 1067 logismn
277 982 425 1062 quatuor·
443 971 679 1039 terminorumr
719 969 908 1066 Qaedeunp

114 1112 162 1166 est
187 1078 434 1171 notatarium,
465 1108 529 1153 aon
546 1098 594 1152 est
614 1087 724 1172 Deut,·
745 1089 812 1156 Dii
832 1108 909 1158 ema

113 1225 201 1300 eepto
216 1231 301 1291 uno,
323 1225 389 1273 aaa
405 1219 481 1271 sunt
498 1207 687 1271 necessarii.
730 1204 779 1274 Ε.
801 1206 909 1275 Uarus¹

113 1341 161 1396 ett
175 1326 280 1412 Deus.
318 1324 389 1409 Jtm
408 1320 580 1390 manifesta
597 1335 646 1387 est
660 1319 809 1390 fallacias
835 1325 869 1392 ln
888 1344 909 1409 p

115 1442 206 1506 tione
222 1437 423 1506 necessarius
441 1433 562 1502 dicitm
586 1433 728 1514 interne,
750 1438 781 1500 is
804 1440 863 1524 qui
880 1458 907 1510 a,

116 1552 243 1637 attalo
260 1551 483 1632 assumtione,
504 1563 658 1635 externe,
682 1547 836 1617 nimlrun
858 1573 909 1618 eae

116 1687 193 1737 mm
209 1654 426 1736 existentiam.
470 1664 588 1746 Neque
605 1663 668 1729 ltoc
688 1662 810 1731 vitium
829 1663 910 1751 effug

119 1784 159 1853 sii
185 1800 342 1865 acumen,
364 1783 399 1849 ln
429 1781 537 1860 libro,-
559 1778 614 1843 cni
638 1796 757 1848 nomen
780 1781 868 1850 nonu
891 1784 910 1858 Ε

119 1896 348 1984 moritoniae
362 1891 567 1983 walmes
590 1895 623 1978 s.
644 1912 721 1977 24⁵·

382 2123 640 2196 SECT.
711 2126 777 2200 ΙΙ.

120 2358 176 2434 De
198 2361 400 2449 argumentis
414 2378 512 2450 quae
537 2359 705 2429 ducantur
733 2381 777 2430 ea
805 2360 911 2437 Porcii

124 2598 127 2605 '
165 2594 242 2661 Huc
264 2592 400 2676 pertinet
420 2590 535 2660 Wolfil
559 2594 729 2662 conclusio
759 2593 911 2664 Theoti

120 2708 151 2779 1.
182 2714 215 2794 §.
242 2727 336 2792 ¹¹07·
381 2707 486 2794 Quam
516 2707 578 2772 ille·
598 2710 713 2773 multis
737 2707 846 2776 verbis
867 2727 912 2790 etl

124 2843 191 2893 carn
213 2842 274 2889 nos
298 2822 435 2888 breviter
461 2823 737 2906 complectamur,
759 2840 833 2890 cnm
857 2841 912 2889 nos

119 2944 266 3019 lunate,
291 2953 359 3002 tum
384 2939 520 3018 linium,
543 2937 664 3018 quibus
688 2939 808 3006 inclusi
831 2958 912 3006 sumt

115 3054 284 3124 cessitate.
334 3053 397 3119 Sed
431 3054 503 3138 ejus
534 3055 758 3123 conclusionis
776 3058 832 3123 eis
856 3059 912 3125 huo

113 3175 218 3242 ‘Unus
236 3172 403 3240 duntaxat
414 3171 573 3260 passibilis
590 3184 637 3236 est
652 3171 757 3242 Deus.
789 3173 838 3241 Ε.
860 3175 912 3242 Ua

125 3302 225 3358 taaat
248 3284 338 3353 Deae
363 3288 486 3354 existit.
530 3286 608 3352 Non
630 3289 785 3371 estquod
803 3293 913 3357 conclu

123 3404 162 3473 in
177 3402 311 3469 dubium
325 3416 491 3467 vocemus.
536 3400 599 3467 Sed
613 3402 796 3484 propositio
816 3419 913 3492 quom

116 3521 382 3596 monstrabitur?
413 3520 461 3588 lta
481 3519 596 3588 sodes!
638 3560 665 3604 =„
687 3521 724 3586 Si
742 3521 859 3610 piaret
876 3525 913 3588 sis

113 3642 150 3723 ¹„
172 3660 293 3707 neeesse
309 3654 355 3703 est
371 3659 419 3703 eos
434 3621 526 3705 inter
540 3648 571 3703 se
588 3639 740 3728 aequales
763 3655 795 3706 et
812 3640 913 3709 rinils

115 3754 259 3834 «Audio,
283 3767 313 3817 et
334 3769 524 3835 quamquam
542 3748 674 3819 drictum
698 3755 743 3821 sit
761 3774 802 3820 ex
818 3755 911 3839 princi

110 3867 399 3950 ulscernibilium,
439 3870 512 3955 (de
539 3887 607 3952 qno
630 3888 716 3936 nunc
743 3872 914 3953 quidemn

113 3987 399 4064 ‹mobis-coiratat,
424 3989 480 4052 sed
508 3987 588 4054 infra
617 3993 822 4075 exponetur)
844 4005 914 4057 nme

124 4121 282 4191 repugno.
326 4102 389 4170 Sed
404 4103 484 4186 quid
501 4102 574 4173 inde
589 4101 732 4170 efficies?
757 4101 914 4190 Accipere
