2362 4936
334 18 342 31 Ι

2 17 1061 271 Π

1014 272 1024 287 1

159 614 221 686 116
251 662 256 684 ÷
281 604 633 680 PROLE'GOMENA
653 608 700 678 r'rx
721 598 944 684 unitione

162 801 245 868 itum
270 799 304 865 in
328 797 422 862 alium
451 807 581 863 statum.
624 796 734 882 Huius
760 798 895 866 tutionis
912 799 1061 870 efficacius

164 912 289 997 egregie
312 907 476 994 perspexit
499 924 597 990 atque
617 908 784 991 explicuit
806 911 1061 985 Mendelsohnus

165 1022 422 1108 elegantissimus
442 1021 684 1105 philosophus,
707 1023 740 1090 in
763 1024 875 1092 libello
899 1030 1061 1099 delmmo

166 1140 309 1218 tellure,
332 1135 513 1203 Phaedonis
527 1136 844 1220 nominesppellato.
884 1141 1061 1227 Namquut

166 1242 275 1321 omnis
299 1254 332 1319 in
355 1243 458 1318 rerutt't'
485 1257 599 1319 daturi
622 1255 758 1322 mutatio
792 1256 848 1322 liat
865 1261 1035 1342 pntrlrdm
1058 1288 1061 1320 r

164 1370 371 1439 successione
394 1371 572 1454 graduum,
602 1372 893 1453 mutatioquidem
924 1394 981 1458 ea,
1010 1397 1061 1460 qur

34 1504 39 1511 ·
83 1512 87 1523 ·
163 1485 204 1554 fit
227 1504 266 1552 ex
285 1485 353 1551 uiti
376 1484 409 1549 in
435 1498 590 1566 mortem,
613 1484 647 1550 id
672 1501 743 1568 est,
766 1507 803 1554 ex
822 1510 859 1555 rs
875 1490 910 1558 in
930 1495 1061 1562 nihilum

165 1618 232 1668 non
250 1599 288 1666 dt
305 1599 514 1666 successione
532 1601 714 1699 graduum:
737 1618 777 1669 et.
795 1610 1005 1685 quantumvis
1025 1630 1061 1677 ret

164 1720 315 1800 minuas,
336 1734 462 1800 semper
476 1717 584 1783 eodem
601 1719 770 1789 intervallo
788 1720 807 1786 i
825 1721 930 1790 nihilo
947 1725 1060 1795 distuli

162 1837 270 1928 Igitur
284 1836 423 1905 Animus
442 1851 570 1904 naturae
595 1838 719 1904 viribus
736 1841 898 1924 exstingui
912 1844 1060 1926 nequlte’

208 1954 358 2024 Tertium
385 1967 642 2038 superstructum
673 1972 724 2020 est
748 1956 879 2023 duobus
904 1956 1061 2029 summo

164 2076 237 2156 tis,‘
253 2086 343 2140 certo
360 2086 391 2138 et
406 2072 542 2139 incerto⁴
576 2073 709 2138 Certum
731 2088 825 2151 estet
843 2075 862 2141 i
881 2074 1061 2160 Philosophi

163 2202 240 2257 sum
267 2187 437 2254 Veteribus
462 2201 530 2252 tum
558 2185 808 2255 Recentioribus
832 2189 1025 2272 prohrtum,
1051 2191 1061 2255 i

165 2308 281 2372 nuturd
299 2303 347 2370 nil
363 2322 484 2372 novum
502 2305 580 2370 oriri
600 2324 658 2371 nec
679 2305 807 2372 interire
822 2306 1019 2389 quidquem:
1039 2309 1061 2373 ir

164 2419 298 2498 teritum
311 2435 343 2486 et
360 2434 468 2487 ortum
483 2436 550 2486 non
567 2415 636 2484 lieri
653 2435 693 2485 ex
711 2419 816 2485 nihilo
833 2432 868 2483 et·
882 2419 917 2486 im
931 2420 1061 2486 nihilum

167 2535 224 2602 scd
240 2535 480 2618 compositione
496 2554 532 2599 ac
549 2533 767 2601 dissolutione
789 2536 939 2616 partium.
980 2540 1061 2604 lucei

165 2665 235 2719 tum
253 2665 324 2730 est,
345 2635 484 2717 Animos
501 2668 612 2716 omnes
627 2652 690 2734 jam
708 2649 1061 2735 anteusuisse,qusmi1

146 2749 149 2756 ¹
167 2769 317 2865 Corpora
333 2767 511 2848 venirent,·
522 2783 580 2832 nec
600 2767 651 2833 vel
675 2768 714 2831 sb
736 2767 812 2848 ipso
828 2769 903 2834 Deo
916 2766 1015 2843 cresci
1028 2786 1061 2835 ut

166 2905 229 2952 vos
251 2886 415 2969 Animos,
441 2900 504 2950 trec
532 2884 666 2950 existere
690 2886 823 2967 quodum
855 2884 1061 2970 compositior

166 3003 328 3068 materiae.
370 2999 612 3081 Sedunum,
636 2999 793 3082 siquidem
817 3003 836 3067 h
860 3003 932 3068 Deo
946 3014 1061 3075 creentr

166 3118 449 3198 contimu0,.·ton
478 3115 608 3181 interire
637 3132 711 3180 curu
747 3112 955 3196 Corporibus
979 3132 1061 3182 coust

74 3270 81 3283 -
168 3236 282 3314 quitur
299 3251 373 3299 eum
395 3251 433 3298 ex
449 3231 573 3311 reliqui
598 3229 742 3313 Platonis
768 3231 940 3313 doctrici,
961 3246 1061 3303 tutus

168 3353 208 3416 ed
233 3351 303 3435 ejus
323 3362 438 3432 parte,
463 3363 545 3428 quae
571 3360 620 3412 est
645 3347 683 3411 de
706 3345 927 3415 Providentia.
959 3345 1061 3432 -Igitut

163 3443 204 3530 ut
229 3467 292 3531 hoc
311 3464 554 3551 fundamentum
577 3481 617 3528 ex
643 3461 766 3537 incerto
792 3476 916 3527 certum
935 3461 1061 3545 fiat‚dt

164 3583 409 3648 monstrandum
426 3595 494 3662 est,
513 3578 626 3648 Animi
644 3578 709 3671 vim
726 3579 889 3664 cogitandi
907 3598 975 3648 nou
994 3596 1061 3664 post

164 3695 244 3763 oriri
269 3713 308 3775 ex
339 3697 579 3779 compositione
610 3696 750 3780 partium
776 3696 936 3765 materiae.
992 3693 1061 3782 Quo

166 3827 260 3882 sexto
275 3816 476 3897 Argumenta
492 3813 650 3882 conficere
665 3815 774 3880 studet
786 3811 893 3879 Plato.

159 3966 164 3973 -
210 3927 369 4015 Quartum
393 3947 432 3995 eo
453 3930 560 4010 valet,
584 3944 621 3994 ut
643 3929 850 4007 ostendatur,
873 3925 1015 3995 Animos
1026 3927 1061 4012 jn

137 4046 414 4127 ,anteaqutm‘in
437 4045 585 4132 Corpore
611 4046 777 4125 venirent,
807 4045 960 4110 notiones
988 4064 1061 4112 reru

121 4247 137 4271 ⁴
168 4162 364 4235 universales
379 4162 544 4235 habuisse.
587 4161 688 4252 Quod
709 4160 838 4246 quiden
858 4173 990 4261 acutum
1003 4208 1016 4244 ,
1031 4179 1061 4226 nr

1043 4291 1061 4342 n
