2362 4936
86 623 164 696 >n
214 614 551 733 uurrarn
601 602 737 693 nar.
804 623 895 712 aaa·

86 813 228 882 laeorun
253 812 289 881 oi
310 807 466 895 carinae
488 808 683 876 ilrentitiueui
713 807 893 894 fecerunt3¹
936 790 965 856 ’-

86 952 93 997 ι
126 927 256 1011 quidem
289 926 418 991 nomina
452 924 609 990 duntaxat
649 926 891 1009 memoraniur,

87 1063 111 1110 n
131 1040 340 1120 adferuntur,
364 1037 596 1122 Theophilus,
619 1037 796 1122 Mnaseas,
815 1040 892 1107 Ari·

86 1175 161 1238 aes,
186 1155 386 1234 Euemerus,
405 1151 645 1236 Hermogenes,
663 1154 804 1249 Conon,
819 1154 892 1240 'Zu-

87 1297 98 1345 a
134 1279 167 1346 ari
189 1277 252 1359 γὰρ
271 1274 396 1355 ἔγωγε,
428 1271 559 1354 inquit,
585 1279 680 1343 πᾶσιν
704 1277 895 1360 ἐντετύχηκα

86 1395 216 1476 ῐιβλιοις.
252 1404 393 1472 quorum
425 1387 560 1471 partin
576 1402 653 1469 post
678 1388 895 1458 Alexandrum

98 1522 245 1590 constat,
280 1506 395 1589 partim
422 1507 502 1572 adeo
531 1520 608 1573 sunt
626 1507 761 1606 ignoti,
783 1522 820 1576 nt
844 1482 897 1578 vel

86 1645 128 1708 a,
148 1623 214 1691 nisi
236 1622 362 1705 prodita
383 1637 491 1689 essent
508 1641 526 1687 a
541 1622 708 1708 Josepho,
729 1624 897 1692 obruisset

86 1760 113 1807 a.
169 1737 280 1818 Atque
305 1754 343 1802 ex
377 1736 427 1802 his
451 1736 602 1803 omnibus
629 1736 658 1802 ai
687 1737 767 1819 quid
790 1738 896 1805 laudis

86 1854 146 1918 lare
180 1850 345 1935 potuisset
370 1851 457 1935 genti
484 1869 580 1932 auae,
602 1853 723 1935 credo,
745 1852 896 1922 lecisseta

86 1967 188 2053 equi
223 1968 360 2034 obscura
394 1966 557 2051 dubiaque
589 1969 684 2035 etiam
712 1972 896 2041 testimmtia

86 2086 264 2169 earnpuit.
304 2085 373 2170 Jam
403 2098 549 2153 auctores
579 2100 684 2153 retum
713 2084 903 2155 Phoenicia·

86 2202 181 2283 iius,
203 2199 400 2281 Menander,
421 2200 560 2266 incertae
583 2214 663 2268 aunt
684 2201 899 2272 auctoritatis.

86 2314 272 2383 cManetho
292 2334 328 2381 ea
345 2312 475 2396 prodit,
499 2331 579 2396 quae
594 2329 682 2382 certo
705 2317 744 2381 ad
759 2314 901 2401 Judaeos

107 2432 255 2520 possint.
301 2430 472 2512 Denique,
494 2428 547 2512 11,
577 2414 634 2497 16.'
668 2448 767 2512 quurn
795 2447 903 2498 osten·

104 2551 257 2634 Moysen
278 2545 475 2614 Graecorum
497 2545 696 2629 sapientibus
716 2548 901 2631 praestitis·

86 2687 120 2736 ac
139 2667 233 2732 etiam
251 2664 387 2750 adjecit,
409 2663 449 2730 de
467 2661 598 2730 Divina
615 2677 741 2729 natura
756 2677 788 2729 ci
805 2660 900 2751 May·

103 2784 307 2853 Graecorum
327 2785 486 2868 sapientes
505 2779 618 2846 eadam
632 2785 783 2863 sensisse,
805 2796 906 2870 nequa

86 2924 88 2957 r
116 2919 150 2965 sa
173 2898 360 2984 affirmare,
393 2895 434 2961 ab
467 2894 526 2961 ilio
559 2913 631 2960 eam
655 2894 838 2962 doctrinam
864 2895 914 2963 ad

86 3041 126 3088 :aa
144 3023 278 3091 acuisse.
321 3019 404 3086 Mox
422 3007 616 3105 Judaeorum
643 3020 683 3085 de
707 3019 830 3089 Natura
850 3021 910 3087 Di·

89 3135 276 3204 aententiaru
305 3134 488 3217 explicans,
520 3110 600 3200 eaur'
618 3134 763 3219 Orphica
786 3139 912 3206 ratione
963 3218 966 3227 Ι

86 3258 211 3332 uzali
238 3255 344 3338 dlxi,
375 3253 450 3330 Ζεὺς
475 3252 604 3336 μέσσα,
640 3267 705 3320 cet.
729 3252 910 3326 adumbrat.

100 3370 160 3453 li,
182 3387 238 3439 an.
306 3355 309 3359 ’

86 3508 145 3574 rue
163 3486 191 3554 si
208 3483 395 3573 Josephua,
418 3478 458 3549 et'
471 3481 571 3549 homo
590 3483 730 3565 doctus,
751 3477 915 3569 etJudae·

86 3623 113 3674 et
145 3584 210 3673 h'oc
237 3605 344 3688 ipsum
379 3600 491 3669 sedulo
518 3616 637 3686 agens,
667 3612 703 3664 ut
728 3599 814 3684 genti
840 3596 916 3669 suae

86 3719 215 3786 uitatem
238 3717 340 3784 famae
362 3733 393 3784 et
414 3718 553 3801 aliquam
573 3716 658 3799 apud
673 3731 797 3783 exteras
812 3720 917 3785 natio·

86 3835 296 3904 celebritatem
330 3833 529 3916 vindicaret,
559 3828 678 3901 efficere
703 3834 750 3901 ull
781 3835 916 3918 potuit,

86 3968 139 4018 est
158 3954 247 4033 quod
261 3948 370 4019 Patres
389 3950 665 4032 Ecclesiasticus,
687 3970 754 4018 non
765 3951 917 4018 indoctos

86 4090 125 4134 nn
160 4070 256 4151 illos,
279 4074 334 4139 aed
354 4086 458 4139 tamen
486 4069 604 4137 hocin
633 4071 708 4139 loco
741 4065 921 4156 aJoseplri

86 4180 196 4250 nitate
225 4201 432 4271 suspensos,
471 4184 658 4254 morcnurl
697 4182 861 4268 Joseplrus
890 4182 921 4249 si

842 4313 919 4367 cun
