2362 4936
13 36 1165 248 —1'

212 567 295 651 ho
345 533 749 650 unusnru'u.
919 596 961 680 „

49 774 122 840 hum
143 741 399 850 mathematicae,
428 779 498 834 tum
523 767 624 850 aliae,
654 770 724 837 sive
742 767 878 837 bellicae
894 770 967 841 site
1047 788 1051 797 ·

51 889 173 966 civiles,
193 885 359 966 musicae,
391 882 631 969 gymnasticae,
661 883 807 968 similes,
838 861 968 972 cogno.»

53 1004 173 1070 serame
198 1014 278 1068 sunt
301 1000 343 1065 ad
359 1016 433 1066 eum
449 1010 533 1066 certe
554 999 706 1082 modum,
729 999 786 1082 qul
806 999 908 1066 valeat
925 998 967 1065 ad

52 1106 181 1185 Platonis
206 1115 394 1198 frequentes
413 1113 448 1179 in
465 1113 518 1179 his
543 1113 740 1198 argumentis
757 1114 850 1180 locos
867 1113 969 1180 intera·

53 1233 223 1317 putandos.
245 1230 333 1296 Nam
342 1229 382 1294 de
394 1226 626 1311 philosophia,
640 1246 722 1311 quae
734 1242 785 1296 est
796 1229 967 1313 proprium
1030 1309 1034 1318 .

53 1361 80 1412 ct
100 1362 284 1430 perpetuum
306 1341 436 1410 Platoni
462 1348 708 1426 argumentum,
729 1342 812 1426 quid
838 1361 968 1412 mones·

55 1478 121 1528 mus
133 1459 274 1526 futurum
292 1455 474 1543 editorem?
495 1456 541 1523 Et
557 1458 743 1525 monuimus
759 1471 879 1543 supra,
897 1470 967 1528 eam

57 1595 93 1643 ex
114 1576 182 1660 ipso
204 1575 342 1644 Platone
367 1571 579 1656 colligendam
608 1590 690 1639 esse,
744 1573 862 1657 Neque
890 1590 969 1644 vero

57 1692 194 1776 colligere
221 1707 291 1756 eam
323 1687 463 1770 poterit,
496 1685 560 1754 uisi
586 1685 656 1772 ipse
683 1688 802 1757 adferat
827 1691 968 1775 aliquam

59 1805 274 1890 philosophiae
307 1800 527 1885 cognitionem
558 1803 881 1890 exercitationemque
904 1809 972 1899 jam

62 1935 142 1987 antea
155 1932 347 2003 perceptam.
390 1915 542 2000 lltcujus
559 1915 969 2006 philosophiae,aotiquae

59 2054 93 2102 an
115 2032 277 2102 homnae?
308 2028 515 2114 Utriusque,
537 2029 568 2099 si
586 2030 654 2099 heri
676 2036 804 2118 possit:
837 2036 888 2104 sio
914 2037 975 2104 mia

60 2165 132 2231 nus,
159 2162 246 2215 certe
269 2144 444 2228 untiquhe,
476 2160 514 2212 ut
548 2145 651 2230 magis
675 2150 866 2232 conjunctae
895 2164 972 2221 cum

63 2261 195 2330 Platone.
240 2260 304 2329 Sed
328 2261 409 2328 volo
434 2260 473 2355 in
493 2258 608 2345 primis
633 2259 852 2330 dialecticamc
878 2268 973 2351 cujus

68 2394 171 2460 expers
185 2382 302 2465 τυφῶ
317 2377 424 2461 τορείᾳ
443 2373 591 2453 oberrat,
614 2386 651 2438 ut
670 2373 742 2457 ipse
764 2378 845 2444 dixit
861 2378 974 2450 Pittol
1014 2365 1018 2373 ’
1087 2443 1090 2449 .

64 2493 132 2558 volo
153 2490 230 2557 item
255 2488 394 2574 physica
419 2501 452 2554 et
481 2487 733 2572 mathematica,
774 2491 852 2556 volo
880 2495 977 2562 ctiam
1056 2502 1059 2507 '

61 2607 171 2674 ethicas
210 2604 267 2670 sed
289 2603 368 2670 haec
398 2603 507 2671 omnia
533 2603 711 2687 hactenus,
742 2620 902 2689 quatenus
926 2609 981 2678 vei

62 2722 214 2805 explorata
237 2719 289 2786 rel
317 2715 507 2786 verisimilia
532 2731 631 2802 suot,
653 2719 747 2784 etad
772 2719 856 2789 vitae
879 2741 977 2794 usum
1093 2746 1096 2752 ·

10 2872 12 2877 ·
63 2838 261 2904 conducuott
285 2850 359 2900 nam
377 2851 460 2917 quac
476 2851 574 2917 supra
601 2833 688 2902 huuc
712 2837 843 2904 modum
868 2840 907 2905 ad
929 2840 982 2907 ins

65 2951 230 3036 telligihiiia
248 2949 498 3031 abstractaque,
523 2948 573 3014 uti
596 2964 735 3034 vocant,
762 2967 866 3019 rerum
891 2954 982 3038 prin·

9 3086 11 3115 ι
66 3066 143 3150 cipis
164 3065 353 3133 adscmdere
378 3081 413 3130 se
430 3062 602 3148 profitetur
624 3064 841 3149 metaphysica
857 3069 981 3138 doctri·
1115 3082 1121 3101 ²

68 3194 120 3263 hs,
142 3181 240 3266 magis
262 3177 421 3245 historice
445 3198 542 3263 quam
568 3178 748 3264 dogmatice
767 3185 977 3268 assumenda,

66 3310 95 3364 ut
118 3297 219 3382 magis
244 3293 413 3362 videamus
438 3295 517 3378 quid
538 3294 593 3361 alii
610 3295 803 3376 statuerint,
827 3315 922 3380 quam
941 3313 981 3367 ut

67 3410 120 3496 ipsi
144 3413 288 3497 aliquam
313 3409 476 3476 statuendi
502 3411 721 3479 necessitatem
746 3398 979 3496 suscipiamus,

67 3525 160 3612 igitur
182 3527 234 3610 is,
265 3541 364 3610 quem
386 3523 591 3610 quaerimus,
620 3525 767 3596 Platonis
801 3524 983 3614 interpres,

69 3642 302 3727 philosophiae,
333 3639 437 3708 veluti
465 3641 626 3724 aedilicii,
652 3656 759 3727 partes
784 3661 821 3710 ac
843 3646 985 3718 membra

73 3753 245 3841 itateneat,
268 3768 307 3823 ut
329 3756 414 3825 sciat
438 3775 521 3840 quae
544 3759 587 3824 sit
617 3776 728 3825 eorum
750 3760 984 3846 magnitudoet

76 3874 154 3951 pusi
171 3874 339 3960 supellex,
362 3885 400 3938 ut
422 3872 566 3958 judicare
583 3874 710 3958 possit,
733 3875 790 3958 qui
814 3877 905 3943 iniis
931 3874 984 3945 vei

76 3970 275 4072 instmcndis,
299 3990 353 4056 vei
368 3988 601 4071 amplificandis
617 4008 731 4074 operae
747 3991 909 4074 pretium,
927 3991 988 4075 qui

78 4115 156 4168 tetus
175 4092 338 4200 iecerint,
372 4101 451 4189 quid
467 4118 598 4188 autum,
620 4105 701 4188 quid
727 4106 904 4192 agendum,
928 4106 988 4173 sit·

109 4212 171 4289 Vri.
189 4212 235 4294 11.
600 4216 631 4290 C
946 4210 996 4306 lit
