2362 4936
177 599 240 672 DE
261 597 658 670 IMMORTALITATE
680 597 831 669 ANIMI.
897 622 959 690 gar

86 788 224 875 {ptores
240 791 354 855 ,sutem
370 787 441 869 ejus
463 787 505 853 rei
522 784 764 870 antiquissimi,
784 787 963 888 quodqui·
978 803 1047 851 seer.
1060 796 1100 852 ιιι

86 916 271 982 rachater,
285 901 472 968 Aristotelis
484 898 550 965 fere
557 903 702 982 aequales
709 900 854 967 fuerunt.
877 901 963 971 Sunt
976 864 1142 930 ”mm

86 1034 175 1103 ppe.
189 1015 368 1099 deperditi,
389 1030 419 1081 et
438 1034 477 1082 ert
501 1019 715 1096 posteriorum
735 1030 857 1082 tantum
873 1002 964 1084 mett·

86 1130 283 1216 necognitit
299 1130 514 1197 Dicaearchus
531 1144 562 1194 et
581 1130 965 1223 Clrar'chus,apudGel5

86 1263 118 1311 m
140 1246 242 1312 Noct.
264 1249 337 1315 titt.
356 1245 415 1311 lV.
442 1263 502 1314 tta
524 1257 557 1310 et
578 1242 762 1312 Heraclides
779 1245 962 1331 Ponticus,

86 1360 128 1425 td
146 1359 248 1445 Diog.
273 1359 382 1427 Laert.
399 1357 495 1426 viti.
515 1379 549 1441 4.
593 1358 720 1428 Priores
743 1362 809 1427 duo
824 1363 964 1442 prodero

86 1498 92 1537 t
114 1473 245 1551 suerum
260 1486 291 1540 et
310 1472 516 1540 eruditissimi
532 1489 699 1541 auctorest
714 1475 876 1556 posterior
890 1477 963 1558 ipsc

86 1605 175 1670 oque
199 1605 392 1673 magnopere
416 1586 584 1669 eraditus,
613 1588 670 1656 sed
700 1588 820 1655 iahulis
844 1607 881 1655 ac
906 1609 963 1659 sut·

86 1703 224 1771 ·stitioni
250 1703 387 1770 deditus.
442 1704 588 1785 Apparet
605 1720 710 1785 ergo,
740 1703 820 1770 hanc
844 1703 961 1787 famam

86 1833 145 1885 sse
166 1818 258 1887 valde
275 1817 461 1899 antiquam
483 1835 545 1882 nec
569 1816 651 1883 enirn
669 1817 740 1883 sine
756 1815 960 1899 antiquitatis
1066 1901 1068 1906 Ι

86 1932 229 2009 :toritate
254 1931 383 2014 scripto
409 1950 476 2000 cant
503 1932 720 2014 prodidissent
746 1932 960 2003 Dicaearchus

87 2046 287 2125 Clearchus3
303 2047 380 2126 sed,
399 2065 498 2128 qttum
517 2063 582 2114 non
601 2059 749 2127 constet,
769 2060 876 2116 utrum
891 2065 960 2119 eam

86 2164 202 2231 .uierint
229 2174 391 2241 tamquam
416 2181 500 2248 quar
517 2161 613 2246 uulgo
629 2159 792 2242 feratur,
816 2180 856 2227 an
876 2177 960 2232 tame

86 2293 130 2345 tm
153 2297 240 2366 quoe
262 2288 351 2339 certo
372 2273 548 2359 reserenda
571 2278 614 2339 sit
637 2275 686 2340 ad
708 2275 957 2369 Pythagoram

86 2407 297 2475 upossumus
312 2388 374 2472 ipsi
399 2402 559 2468 statuere,
580 2389 830 2459 tribuendumne
851 2388 896 2454 sit
916 2390 957 2463 ilf

86 2505 334 2574 icommentum
355 2502 418 2584 ipsi
443 2502 661 2586 Pythagorae,
689 2523 731 2571 au
757 2503 954 2597 posteriores

86 2619 216 2705 riptores
231 2621 271 2685 de
286 2619 361 2700 ipso
381 2615 546 2689 finxerint.
589 2617 751 2685 Neutrum
768 2617 955 2687 abhorrete

86 2733 320 2803 isimtiitudine.
363 2731 450 2799 Nam
470 2751 529 2800 nec
545 2732 746 2818 Pythagoras
766 2752 893 2802 omnem
911 2734 951 2811 ab

86 2849 198 2919 ttitutis
215 2846 286 2919 suis
303 2847 485 2929 repudiavit
501 2847 786 2932 superstitionem,
803 2865 956 2931 utsupra

86 2964 234 3035 tnuimus.
277 2965 323 3032 Et
350 2962 466 3029 similia
488 2962 528 3030 de
543 2963 601 3029 sui
616 2963 687 3046 ipse
700 2963 954 3050 transmigratio·
1058 3020 1065 3031 .

92 3078 347 3165 postulacuvit
364 3077 603 3160 Empedocles,
626 3095 708 3160 quae
729 3077 892 3161 fortasse,
913 3056 954 3157 nt

86 3214 96 3261 ι
117 3193 346 3280 Empedoclis,
368 3210 424 3274 per
454 3208 587 3258 errorem
612 3192 811 3274 posteritatis
834 3193 868 3258 in
894 3191 955 3275 Py·

86 3328 183 3397 :goras
200 3327 317 3377 nomen
334 3307 486 3373 translata
505 3319 596 3373 sunt.
641 3304 815 3375 Videamus
829 3305 892 3388 jam
911 3307 954 3371 de

87 3423 273 3507 supiniore
291 3421 319 3493 Τ
317 3421 603 3504 ransmigrau'rrris
617 3406 840 3499 Animarum,
855 3438 955 3502 quam

86 3539 114 3607 'm
132 3538 273 3613 tenuerit
291 3536 507 3618 Pythagoras,
523 3534 615 3599 nullo
634 3533 731 3600 modo
745 3531 884 3601 dubitari
898 3533 954 3609 de·

94 3671 107 3724 ι
128 3655 208 3728 adeo
234 3666 390 3723 constans
405 3665 455 3716 est
474 3649 576 3715 totius
593 3632 795 3728 antiquitatis
813 3667 953 3723 consen·

86 3808 102 3840 ..
144 3767 210 3836 Sed
231 3767 367 3850 tuipse
395 3765 464 3850 ejus
483 3764 528 3835 sit
550 3761 699 3845 inventor
721 3779 780 3837 uec
799 3783 861 3855 ne,
885 3783 953 3839 non
1072 3804 1075 3811 ·

86 3881 285 3953 iaconvenit
312 3881 393 3947 inter
417 3877 611 3961 Scriptores.
644 3876 744 3961 Diog.
768 3877 878 3973 Laert,
903 3881 954 3971 in·

86 3997 191 4065 trionis
208 3997 330 4093 laudem
349 3994 547 4078 Pythagorae
561 3991 674 4059 tribuit
688 3991 778 4061 vrtt.
806 4014 857 4081 14.
874 4000 954 4087 epti·

101 4114 137 4193 ri
161 4120 245 4199 Φιιι
272 4117 374 4186 τοῦτον
400 4113 580 4197 troiam,
610 4110 665 4188 tit
689 4111 820 4196 intuita
841 4109 955 4189 aima

510 4220 572 4304 ΚΕ
599 4238 621 4309 5
852 4221 955 4311 Mra
