2362 4936
199 568 706 651 ttuturnttru
848 580 917 675 gr,

85 778 155 835 etet.⁴
191 758 313 829 iuhir
334 757 468 827 fuerunt
493 759 622 842 quidam
647 762 788 833 studiosi
805 765 917 839 aduie·

85 904 136 967 ee,
156 880 216 964 qai
241 879 281 948 ad
305 879 413 963 iegum
426 877 601 960 decorique
618 895 818 949 contemtum
835 902 913 966 pro·

85 1005 116 1085 i,
139 997 307 1067 munem
331 995 365 1061 in
380 993 576 1061 auditorium
594 994 765 1077 pubiicum
784 998 915 1065 audien·

86 1113 227 1185 tanoni·
244 1127 360 1180 cauata
378 1108 557 1175 vettienttm
572 1122 648 1175 cum
664 1107 814 1178 irrisione
829 1113 915 1181 eati·-

85 1248 123 1315 t,
144 1240 354 1299 ueeeuttmes
371 1222 496 1289 dictum
523 1223 709 1306 quoddam,
733 1227 825 1307 quod
844 1226 913 1311 iqui

85 1343 318 1417 tbiaeuavicaa
351 1338 537 1408 defendenti
559 1339 593 1406 in
618 1344 737 1409 Senatu
761 1344 916 1416 Leidetmi

85 1480 166 1548 erat,
188 1463 332 1544 indeque
351 1461 391 1526 ad
408 1457 498 1541 vulgi
523 1458 674 1527 notitiem
697 1477 910 1553 emanaverat.

86 1594 135 1647 an
150 1577 296 1646 inaudita
326 1573 504 1660 petulentia
527 1588 731 1657 commotus,
751 1590 785 1642 et
809 1578 911 1662 magia

105 1693 264 1763 fetimmie
292 1691 516 1775 impunitatem
542 1691 735 1775 indignans,
758 1694 858 1761 simui
877 1710 911 1763 et

86 1826 152 1883 tem
166 1810 287 1896 patriae
302 1823 421 1876 sortem
436 1807 741 1890 connumerabatur,
758 1811 792 1879 iu
810 1829 909 1895 quatu

86 1927 257 1997 tiioetibus
274 1939 460 2009 pararetur,
484 1925 543 2006 qui
570 1922 661 2005 eam,
684 1928 774 1993 nulia
795 1931 907 2012 legum

86 2045 272 2125 donumque
294 2040 565 2118 habitatatione,
593 2041 772 2109 libidinoso
798 2057 831 2109 et
846 2062 905 2111 tua

102 2162 166 2229 nub
194 2160 332 2244 imperio
353 2156 499 2224 verituri
516 2172 547 2222 et
566 2157 755 2225 eabauuturi
779 2174 908 2233 essent.

96 2278 191 2361 piane
207 2273 253 2341 ita
269 2272 390 2340 evenit.
412 2269 496 2336 Nam
511 2273 662 2353 quamvis
680 2273 810 2340 laudans
824 2275 909 2344 Gai·

105 2392 269 2481 populum
293 2403 329 2459 ut
356 2389 587 2472 ingeniorum,
610 2389 807 2472 humanum,
829 2391 907 2461 affa-
994 2480 997 2485 Ι

86 2557 100 2595 ,
132 2526 283 2590 comum,
316 2506 444 2590 qualem
478 2506 561 2590 ipae.
576 2524 726 2590 praesens
753 2524 904 2593 expertus

96 2624 161 2692 hoe
180 2622 334 2689 referebat
352 2623 392 2688 ud
418 2639 513 2703 eum,
537 2620 594 2704 qui
617 2620 681 2688 rub
702 2623 794 2706 justo
815 2623 904 2709 regio

88 2762 111 2809 o
126 2736 256 2807 iuerat:
278 2738 432 2818 adeum,
455 2735 512 2818 qui
532 2749 646 2821 postea
663 2735 749 2820 fuit,
771 2737 818 2804 nii
844 2739 905 2807 mi·

98 2855 200 2923 Tune
229 2872 306 2921 vero
326 2852 399 2919 istis
417 2852 672 2937 cogitationibus
690 2853 761 2921 dieu.
773 2872 904 2922 noctee·

86 2972 200 3059 gitatm
226 2970 260 3036 in
288 2986 413 3053 gravem
439 2967 588 3033 morbum
606 2968 738 3050 incidit,
761 2987 902 3052 eumque

86 3084 182 3153 ieiitio
208 3085 443 3168 coniunctum,
466 3084 557 3165 quod
583 3083 721 3150 subinde
749 3081 783 3150 in
807 3081 902 3150 furo·

86 3198 175 3268 biret.
219 3198 323 3283 Igitur
346 3195 590 3265 custodiebatur
607 3197 696 3264 domi
721 3216 798 3264 suae
822 3200 898 3272 eti

90 3316 177 3386 Nam
204 3313 526 3398 quadriremem,
557 3333 617 3381 aua
639 3311 713 3398 ipse
737 3315 772 3380 iu
799 3316 897 3384 domu

87 3449 156 3517 rat,
179 3450 280 3518 eaque
298 3430 461 3500 famulitio
488 3432 645 3500 instructa
661 3447 692 3499 et
707 3434 898 3515 aupeiieeti·
1027 3437 1034 3451 '

87 3551 274 3634 unibueque
308 3548 476 3634 partibor,
506 3549 629 3633 quibua
660 3550 747 3615 iauta
779 3550 897 3620 domna

87 3640 132 3735 ur.
183 3663 313 3731 Accidit
339 3663 562 3752 paulopost,
595 3676 632 3729 ut
656 3660 787 3730 Gaiiieo
809 3681 899 3731 exer.

87 3798 184 3851 mtrem
204 3796 315 3865 ugrum
331 3778 491 3863 urbemque
510 3780 611 3866 buius
630 3780 712 3863 reip.
730 3798 896 3865 occupau-

87 3901 288 3970 minarentur
315 3910 419 3984 partes
444 3897 730 3980 dinumeratione,
749 3913 782 3965 et
799 3912 896 3964 exau·

127 4019 289 4089 veteribus
308 4015 558 4103 magistratibus·
578 4032 685 4084 novoe
712 4017 751 4081 ad
774 4028 893 4081 nonam

87 4156 101 4207 r
120 4134 248 4221 imperii
266 4132 434 4224 popularia
450 4130 713 4205 eumatitueteatt
736 4130 894 4214 quoidam

797 4240 895 4314 etiam
